,Time,TP,TQ,BP1,BP2,BP3,BP4,BP5,BP6,BP7,AP1,AP2,AP3,AP4,AP5,AP6,AP7,BQ1,BQ2,BQ3,BQ4,BQ5,BQ6,BQ7,AQ1,AQ2,AQ3,AQ4,AQ5,AQ6,AQ7
0,1518934096,435,4184.889,434,433,432,431,430,429,428,435,436,437,438,439,440,441,584030.704,283512.769,525428.538,820972.143,1148176.290,277861.445,613441.514,53516.415,259857.487,252548.656,186466.125,238298.706,486509.147,440587.075
1,1518934096,435,4184.889,434,433,432,431,430,429,428,435,436,437,438,439,440,441,591869.914,283512.769,525428.538,878472.143,1148176.290,277861.445,613441.514,53721.209,259857.487,252548.656,186466.125,238298.706,486509.147,440587.075
2,1518934098,435,119.000,434,433,432,431,430,429,428,435,436,437,438,439,440,441,593024.211,281486.329,525710.453,877525.313,1150501.871,277861.445,613441.514,50755.087,259857.487,252548.656,186466.125,238298.706,486509.147,440587.075
3,1518934100,435,5487.539,434,433,432,431,430,429,428,435,436,437,438,439,440,441,512250.819,281486.329,525710.453,877525.313,1150501.871,277861.445,613441.514,32217.729,281386.480,252548.656,187528.182,238298.706,482259.526,409203.035
4,1518934101,435,455.526,435,434,433,432,431,430,429,436,437,438,439,440,441,442,99840.183,500686.468,281486.329,525710.453,877525.313,1150501.871,277861.445,281386.480,252548.656,187528.182,238298.706,482259.526,409203.035,419457.141
5,1518934103,435,893.514,435,434,433,432,431,430,429,436,437,438,439,440,441,442,100121.353,504582.084,281717.835,525710.453,877525.313,1150501.871,277861.445,281386.480,252548.656,187528.182,238298.706,482259.526,409203.035,419457.141
6,1518934104,435,893.514,435,434,433,432,431,430,429,436,437,438,439,440,441,442,99686.506,482543.748,281717.835,529725.788,877525.313,1151700.871,277861.445,281386.480,252548.656,187528.182,238298.706,482259.526,409203.035,419457.141
7,1518934106,435,1292.935,435,434,433,432,431,430,429,436,437,438,439,440,441,442,121493.543,502543.748,280247.881,529725.788,877525.313,1151700.871,277861.445,274410.783,252548.656,187528.182,238298.706,482259.526,409203.035,419457.141
8,1518934108,435,1292.935,435,434,433,432,431,430,429,436,437,438,439,440,441,442,123499.730,502543.748,280247.881,529725.788,876549.244,1151700.871,277861.445,274410.783,252548.656,187528.182,238298.706,482259.526,409203.035,419457.141
9,1518934109,435,1292.935,435,434,433,432,431,430,429,436,437,438,439,440,441,442,130682.990,458649.824,262128.599,541391.374,1076549.244,1140719.763,277861.445,278660.403,252548.656,187528.182,238298.706,482259.526,409203.035,419457.141
10,1518934111,435,2000.000,435,434,433,432,431,430,429,436,437,438,439,440,441,442,121700.851,458649.824,262128.599,541391.374,1076549.244,1140719.763,277861.445,278660.403,252548.656,187528.182,238298.706,482259.526,409203.035,419457.141
11,1518934112,435,893.514,435,434,433,432,431,430,429,436,437,438,439,440,441,442,122057.877,469201.564,262128.599,541391.374,1076549.244,1140719.763,277861.445,278660.403,252548.656,187528.182,238298.706,482259.526,409203.035,419457.141
12,1518934114,435,893.514,435,434,433,432,431,430,429,436,437,438,439,440,441,442,158509.814,452081.150,263828.599,541391.374,1077049.244,1140719.763,277861.445,278660.403,252548.656,187528.182,238298.706,482259.526,409203.035,419457.141
13,1518934116,435,6375.488,435,434,433,432,431,430,429,436,437,438,439,440,441,442,176844.288,438042.595,263828.599,541391.374,1077049.244,1140719.763,277861.445,281492.778,252548.656,187528.182,238298.706,482259.526,409203.035,419457.141
14,1518934117,435,3630.856,435,434,433,432,431,430,429,436,437,438,439,440,441,442,89944.086,444874.440,263828.599,541391.374,1075568.217,1140719.763,277861.445,282642.778,252548.656,187528.182,238298.706,482259.526,409203.035,419457.141
15,1518934118,435,3630.856,435,434,433,432,431,430,429,436,437,438,439,440,441,442,93688.527,415538.425,263828.599,541391.374,1077243.106,1143979.375,277861.445,282642.778,284842.145,187528.182,238298.706,481734.006,409203.035,419457.141
16,1518934120,436,7922.641,435,434,433,432,431,430,429,436,437,438,439,440,441,442,105331.219,415538.425,262109.511,541391.374,1076943.106,1143979.375,277861.445,286642.778,284842.145,187528.182,332626.903,481734.006,409203.035,419457.141
17,1518934122,436,7922.641,435,434,433,432,431,430,429,436,437,438,439,440,441,442,121377.587,414962.676,259936.013,541391.374,1076943.106,1143979.375,277861.445,253258.150,284842.145,187528.182,332626.903,481734.006,409203.035,508728.754
18,1518934123,436,500.000,435,434,433,432,431,430,429,436,437,438,439,440,441,442,138770.054,411670.685,322060.984,541391.374,1076943.106,1143979.375,277861.445,254966.876,284842.145,187528.182,332626.903,481734.006,409203.035,508728.754
19,1518934125,436,500.000,435,434,433,432,431,430,429,436,437,438,439,440,441,442,142430.119,411670.685,321599.090,541391.374,1076943.106,1143979.375,277861.445,259466.876,284842.145,187528.182,333152.424,492777.651,409203.035,508728.754
20,1518934126,435,19.447,435,434,433,432,431,430,429,436,437,438,439,440,441,442,144441.852,285267.237,321599.090,541391.374,1076943.106,1143979.375,267836.897,259466.876,284842.145,187528.182,333152.424,478684.264,409203.035,508728.754
21,1518934128,436,250.000,435,434,433,432,431,430,429,436,437,438,439,440,441,442,166179.114,286406.697,262403.998,540991.374,1076943.106,1143979.375,267836.897,259216.876,233401.210,187528.182,328239.715,524135.144,409203.035,508728.754
22,1518934129,436,250.000,435,434,433,432,431,430,429,436,437,438,439,440,441,442,175742.153,286406.697,262403.998,540991.374,1081943.106,1144096.375,267836.897,259216.876,233401.210,187528.182,328239.715,524135.144,409203.035,508728.754
23,1518934131,436,250.000,435,434,433,432,431,430,429,436,437,438,439,440,441,442,186024.773,284208.950,262403.998,540991.374,1081943.106,1144096.375,267836.897,255205.060,233401.210,187528.182,328239.715,524135.144,409203.035,508728.754
24,1518934132,436,10622.442,435,434,433,432,431,430,429,436,437,438,439,440,441,442,197433.838,284669.779,262403.998,540991.374,1081943.106,1176881.856,267836.897,244582.618,233401.210,303208.833,328239.715,524135.144,409203.035,508728.754
25,1518934134,436,10622.442,435,434,433,432,431,430,429,436,437,438,439,440,441,442,197633.838,277479.100,292501.544,540395.352,1081943.106,1176881.856,267836.897,249495.326,233401.210,315671.619,328239.715,524135.144,409203.035,508728.754
26,1518934136,436,10622.442,435,434,433,432,431,430,429,436,437,438,439,440,441,442,196656.628,271971.743,292300.056,541395.352,1081943.106,1176881.856,267836.897,249495.326,233609.271,315671.619,328239.715,524135.144,409203.035,508728.754
27,1518934137,435,1250.000,435,434,433,432,431,430,429,436,437,438,439,440,441,442,196619.166,268588.135,291574.114,541395.352,1081943.106,1176881.856,267836.897,249495.326,285050.206,315671.619,328239.715,524135.144,409203.035,508728.754
28,1518934138,436,10000.000,435,434,433,432,431,430,429,436,437,438,439,440,441,442,185603.180,268588.135,256467.606,574164.708,981764.787,1176881.856,267836.897,239495.326,285050.206,315671.619,328239.715,524135.144,409203.035,508728.754
29,1518934140,435,159.918,435,434,433,432,431,430,429,436,437,438,439,440,441,442,183686.930,269865.424,256467.606,576336.981,981764.787,1171881.856,267836.897,256106.222,285050.206,315671.619,328239.715,524135.144,409203.035,508728.754
30,1518934142,435,937.500,435,434,433,432,431,430,429,436,437,438,439,440,441,442,190918.000,269865.424,256467.606,576336.981,981764.787,1170883.586,267836.897,256106.222,285050.206,315671.619,328239.715,524135.144,409203.035,508728.754
31,1518934143,436,229.358,435,434,433,432,431,430,429,436,437,438,439,440,441,442,193197.282,269865.424,257702.476,576836.981,982740.855,1169383.586,267836.897,254876.864,285050.206,315671.619,328239.715,524135.144,409203.035,508728.754
32,1518934145,436,229.358,435,434,433,432,431,430,429,436,437,438,439,440,441,442,198326.472,270393.128,255702.476,576836.981,982740.855,1169383.586,267836.897,323789.636,285050.206,315671.619,328239.715,524135.144,409203.035,508728.754
33,1518934147,435,2000.000,435,434,433,432,431,430,429,436,437,438,439,440,441,442,198326.472,268355.391,257525.483,576836.981,987395.428,1168790.910,267836.897,325705.778,285050.206,315671.619,328239.715,524135.144,409203.035,508728.754
34,1518934148,435,46.315,435,434,433,432,431,430,429,436,437,438,439,440,441,442,320352.243,268355.391,256994.306,576836.981,987145.428,1168790.910,267836.897,325749.534,233609.271,315671.619,328239.715,524135.144,409203.035,508728.754
35,1518934150,435,46.315,435,434,433,432,431,430,429,436,437,438,439,440,441,442,319284.898,268355.391,256994.306,576836.981,989945.859,1161765.381,267836.897,327784.247,233609.271,315671.619,328239.715,524135.144,409203.035,508728.754
36,1518934151,435,6238.759,435,434,433,432,431,430,429,436,437,438,439,440,441,442,59448.475,268355.391,252594.306,576836.981,989945.859,1161765.381,267836.897,307784.247,233609.271,315671.619,328239.715,524135.144,409203.035,508728.754
37,1518934153,435,127.077,435,434,433,432,431,430,429,436,437,438,439,440,441,442,87398.767,268355.391,267396.826,579603.186,979225.593,1161765.381,267836.897,359225.183,233609.271,315671.619,328239.715,524135.144,409203.035,508728.754
38,1518934155,435,300.000,434,433,432,431,430,429,428,435,436,437,438,439,440,441,267998.952,267396.826,579603.186,979225.593,1161765.381,267836.897,612471.231,25689.898,593488.274,233609.271,315671.619,328239.715,524135.144,409203.035
39,1518934156,435,300.000,434,433,432,431,430,429,428,435,436,437,438,439,440,441,267998.952,267396.826,579603.186,979225.593,1161765.381,267836.897,612471.231,93927.079,593488.274,233609.271,315671.619,328239.715,524135.144,409203.035
40,1518934158,435,300.000,434,433,432,431,430,429,428,435,436,437,438,439,440,441,269266.635,253933.195,579603.186,979225.593,1161765.381,267836.897,612471.231,93927.079,593825.841,233609.271,315671.619,328239.715,524135.144,409203.035
41,1518934159,435,300.000,434,433,432,431,430,429,428,435,436,437,438,439,440,441,266478.189,253933.195,579603.186,979225.593,1161765.381,267836.897,613781.741,93927.079,554589.687,233609.271,315671.619,328239.715,524135.144,409203.035
42,1518934161,435,115.000,434,433,432,431,430,429,428,435,436,437,438,439,440,441,271753.201,253933.195,529603.186,982750.025,1160509.288,267836.897,613781.741,27300.183,524913.069,233609.271,315671.619,328239.715,524135.144,409203.035
43,1518934162,435,1567.499,434,433,432,431,430,429,428,435,436,437,438,439,440,441,271953.201,253933.195,529603.186,983250.025,1160509.288,267836.897,613781.741,20292.078,524913.069,233609.271,315671.619,328239.715,524135.144,409203.035
44,1518934164,435,528.736,434,433,432,431,430,429,428,435,436,437,438,439,440,441,271953.201,253933.195,529603.186,983250.025,1159833.365,267836.897,613781.741,21832.942,291964.846,233609.271,315671.619,328239.715,524135.144,409203.035
45,1518934165,435,821.208,434,433,432,431,430,429,428,435,436,437,438,439,440,441,272953.201,265657.968,540298.637,984250.025,1159833.365,267836.897,613781.741,103015.285,309845.745,233609.271,315671.619,328239.715,524135.144,409203.035
46,1518934167,435,29676.619,434,433,432,431,430,429,428,435,436,437,438,439,440,441,272953.201,265457.968,756145.047,984250.025,1163050.103,267836.897,613781.741,103015.285,309845.745,233609.271,315671.619,328239.715,374455.518,409203.035
47,1518934168,435,29676.619,435,434,433,432,431,430,429,436,437,438,439,440,441,442,124250.349,272953.201,264303.234,756145.047,981222.402,1163050.103,267836.897,309845.745,233609.271,315671.619,328239.715,374455.518,409203.035,525373.576
48,1518934170,435,29676.619,435,434,433,432,431,430,429,436,437,438,439,440,441,442,124250.349,272953.201,267303.234,756265.380,981222.402,1163050.103,267836.897,309845.745,233609.271,315671.619,328239.715,374455.518,411203.035,525373.576
49,1518934172,435,29676.619,435,434,433,432,431,430,429,436,437,438,439,440,441,442,124496.712,283759.295,267303.234,756265.380,981222.402,1163600.474,267836.897,309845.745,233609.271,315671.619,328239.715,374455.518,411203.035,525373.576
50,1518934173,435,29676.619,435,434,433,432,431,430,429,436,437,438,439,440,441,442,124496.712,283759.295,267303.234,756265.380,981222.402,1163600.474,267836.897,309845.745,233609.271,315671.619,328589.715,374455.518,411203.035,525373.576
51,1518934175,435,4719.738,435,434,433,432,431,430,429,436,437,438,439,440,441,442,119776.974,283759.295,268303.234,756265.380,981222.402,1163600.474,267836.897,309845.745,332866.410,315671.619,328589.715,374455.518,411203.035,525373.576
52,1518934176,436,1000.000,435,434,433,432,431,430,429,436,437,438,439,440,441,442,119776.974,283759.295,268423.234,756265.380,984626.858,1163600.474,267836.897,309845.745,332866.410,315671.619,329589.715,378455.518,411203.035,525373.576
53,1518934178,436,1000.000,435,434,433,432,431,430,429,436,437,438,439,440,441,442,135452.745,275156.578,273108.715,755965.380,984626.858,1163600.474,267836.897,318917.008,332866.410,315671.619,329589.715,378455.518,413872.037,525373.576
54,1518934179,435,40521.105,435,434,433,432,431,430,429,436,437,438,439,440,441,442,22400.785,276241.923,329163.685,756869.494,984626.858,1163600.474,267035.167,318917.008,332866.410,315671.619,329589.715,378455.518,413872.037,525373.576
55,1518934181,435,2789.255,435,434,433,432,431,430,429,436,437,438,439,440,441,442,23435.904,275490.785,317199.395,757869.494,984626.858,1163600.474,267035.167,318917.008,332866.410,315671.619,329589.715,378455.518,413872.037,525373.576
56,1518934182,435,2789.255,435,434,433,432,431,430,429,436,437,438,439,440,441,442,56321.632,266324.033,318829.480,757869.494,984626.858,1163600.474,267035.167,318917.008,334175.881,315671.619,329589.715,378455.518,413872.037,525373.576
57,1518934184,435,300.000,435,434,433,432,431,430,429,436,437,438,439,440,441,442,59259.874,266024.033,318829.480,757869.494,984626.858,1163600.474,267035.167,318917.008,334175.881,315671.619,329589.715,378455.518,413872.037,525373.576
58,1518934185,435,529.766,434,433,432,431,430,429,428,435,436,437,438,439,440,441,266024.033,320117.792,757731.245,984626.858,1163225.208,267035.167,617885.139,7552.997,318917.008,334175.881,315671.619,329589.715,378455.518,413872.037
59,1518934187,436,200.000,434,433,432,431,430,429,428,435,436,437,438,439,440,441,266024.033,320117.792,557731.245,993219.701,1163525.208,265704.843,617885.139,17844.178,89109.679,334175.881,315671.619,329589.715,378455.518,413872.037
60,1518934188,436,18409.628,434,433,432,431,430,429,428,435,436,437,438,439,440,441,266024.033,320841.748,557731.245,993219.701,1164613.048,265704.843,617885.139,29146.254,89109.679,334175.881,315671.619,329589.715,378455.518,413872.037
61,1518934190,435,5115.306,434,433,432,431,430,429,428,435,436,437,438,439,440,441,266024.033,264786.778,557731.245,994017.712,1164613.048,265704.843,617885.139,6025.600,89109.679,334175.881,315671.619,329589.715,378455.518,413872.037
62,1518934192,435,1610.285,435,434,433,432,431,430,429,436,437,438,439,440,441,442,446339.184,279388.880,264786.778,557731.245,994017.712,1165814.996,265704.843,89466.996,334175.881,315671.619,329589.715,378455.518,413872.037,525373.576
63,1518934193,435,1610.285,435,434,433,432,431,430,429,436,437,438,439,440,441,442,452602.072,281388.880,261371.968,558384.313,994017.712,1165814.996,265704.843,156093.892,334175.881,315671.619,329589.715,378455.518,413872.037,525373.576
64,1518934195,435,1610.285,435,434,433,432,431,430,429,436,437,438,439,440,441,442,452602.072,285533.296,259741.883,558384.313,994017.712,1165814.996,265704.843,156093.892,334175.881,315671.619,329589.715,378455.518,413872.037,525373.576
65,1518934196,435,187.255,435,434,433,432,431,430,429,436,437,438,439,440,441,442,452414.817,285533.296,259741.883,558384.313,992017.712,1165945.744,265704.843,154779.023,334175.881,315671.619,329589.715,378455.518,413872.037,525373.576
66,1518934198,435,430.624,435,434,433,432,431,430,429,436,437,438,439,440,441,442,453464.229,333375.711,260667.591,558384.313,992017.712,1165945.744,265704.843,158960.309,334175.881,315671.619,329589.715,378455.518,413872.037,525373.576
67,1518934200,436,123.000,435,434,433,432,431,430,429,436,437,438,439,440,441,442,456519.771,333605.597,260667.591,566252.000,992017.712,1165945.744,265704.843,159160.309,336308.953,315671.619,328064.195,378455.518,413872.037,525373.576
68,1518934201,436,123.000,435,434,433,432,431,430,429,436,437,438,439,440,441,442,459770.010,334095.444,260667.591,565545.048,992906.838,1166945.744,265704.843,163036.043,336308.953,315671.619,328064.195,378455.518,413872.037,525373.576
69,1518934203,436,123.000,435,434,433,432,431,430,429,436,437,438,439,440,441,442,459770.010,338257.795,266556.271,565545.048,992906.838,1167126.459,265704.843,182243.427,336308.953,315671.619,319772.256,378455.518,413872.037,525373.576
70,1518934204,436,1000.000,435,434,433,432,431,430,429,436,437,438,439,440,441,442,459770.010,341257.795,266556.271,565545.048,993906.838,1169701.038,265704.843,173246.273,336308.953,320148.363,320035.016,378455.518,413872.037,525373.576
71,1518934205,436,1000.000,435,434,433,432,431,430,429,436,437,438,439,440,441,442,464770.010,375400.084,266556.271,565545.048,993906.838,1169701.038,265704.843,173246.273,336308.953,320148.363,320035.016,378455.518,413872.037,525373.576
72,1518934207,436,1026.941,435,434,433,432,431,430,429,436,437,438,439,440,441,442,464770.010,358767.554,266556.271,565545.048,990502.382,1166169.090,265704.843,179736.142,336529.960,320148.363,319685.016,378455.518,413872.037,525501.744
73,1518934209,436,1026.941,435,434,433,432,431,430,429,436,437,438,439,440,441,442,464770.010,358767.554,270706.705,565545.048,990502.382,1166169.090,265704.843,413826.072,336529.960,320148.363,319685.016,378455.518,413872.037,525501.744
74,1518934210,436,1026.941,435,434,433,432,431,430,429,436,437,438,439,440,441,442,464770.010,359468.697,270706.705,565545.048,990202.382,1166169.090,253466.479,395937.218,336529.960,320148.363,319685.016,378455.518,413872.037,525501.744
75,1518934212,436,1026.941,435,434,433,432,431,430,429,436,437,438,439,440,441,442,464770.010,359468.697,264762.748,565545.048,990202.382,1166169.090,253466.479,395937.218,336529.960,320148.363,319685.016,378455.518,414134.797,525501.744
76,1518934214,435,1785.966,435,434,433,432,431,430,429,436,437,438,439,440,441,442,462984.044,359468.697,264762.748,565545.048,990202.382,1166169.090,253466.479,391938.484,336529.960,320148.363,319685.016,378455.518,414134.797,525501.744
77,1518934215,435,1785.966,435,434,433,432,431,430,429,436,437,438,439,440,441,442,462984.044,359468.697,319889.726,565545.048,990202.382,1166169.090,253466.479,391938.484,336308.953,320148.363,319685.016,378455.518,414134.797,525501.744
78,1518934217,436,193.330,435,434,433,432,431,430,429,436,437,438,439,440,441,442,462984.044,359468.697,319889.726,565545.048,990202.382,1167295.223,253466.479,391938.484,336308.953,320148.363,319685.016,378455.518,414134.797,525501.744
79,1518934218,436,889.670,435,434,433,432,431,430,429,436,437,438,439,440,441,442,460468.332,358164.549,319889.726,565545.048,990202.382,1167295.223,253466.479,416132.089,337872.875,320148.363,319685.016,378455.518,414134.797,525501.744
80,1518934220,436,889.670,435,434,433,432,431,430,429,436,437,438,439,440,441,442,460468.332,358164.549,319889.726,549998.638,990202.382,1167295.223,253466.479,387522.102,337872.875,320148.363,319685.016,378455.518,414134.797,525501.744
81,1518934221,435,1133.500,435,434,433,432,431,430,429,436,437,438,439,440,441,442,472649.445,350527.754,319889.726,549998.638,990202.382,1167295.223,251311.988,320537.889,263355.021,320148.363,319685.016,378455.518,414134.797,525501.744
82,1518934223,435,1133.500,435,434,433,432,431,430,429,436,437,438,439,440,441,442,472649.445,350527.754,305087.205,549878.304,990202.382,1167295.223,251311.988,421446.706,263355.021,320148.363,319685.016,378455.518,414134.797,525501.744
83,1518934224,435,1133.500,435,434,433,432,431,430,429,436,437,438,439,440,441,442,474503.970,350037.907,305087.205,549878.304,993230.005,1167295.223,251311.988,421446.706,263355.021,320148.363,319685.016,378455.518,414134.797,525501.744
84,1518934226,435,1133.500,435,434,433,432,431,430,429,436,437,438,439,440,441,442,489587.915,353653.292,320897.019,549878.304,993230.005,1167295.223,251311.988,454807.674,291075.338,320148.363,319685.016,378455.518,414134.797,525501.744
85,1518934228,435,1133.500,435,434,433,432,431,430,429,436,437,438,439,440,441,442,491250.023,353653.292,321397.019,549878.304,993230.005,1167295.223,245816.361,454807.674,291075.338,320148.363,319685.016,378455.518,414134.797,525501.744
86,1518934229,435,3635.092,435,434,433,432,431,430,429,436,437,438,439,440,441,442,536050.252,365153.292,322685.331,549878.304,993230.005,1167062.664,245816.361,454807.674,289765.867,320148.363,319685.016,378455.518,414134.797,525501.744
87,1518934230,435,3635.092,435,434,433,432,431,430,429,436,437,438,439,440,441,442,532415.160,365153.292,322685.331,549878.304,993230.005,1167062.664,245816.361,439502.558,289765.867,320148.363,319685.016,378455.518,414134.797,525501.744
88,1518934232,436,7944.516,435,434,433,432,431,430,429,436,437,438,439,440,441,442,536671.561,367593.247,322685.331,551693.598,993230.005,1167295.223,245816.361,424629.651,289765.867,320148.363,319685.016,378455.518,414134.797,525501.744
89,1518934234,436,7944.516,435,434,433,432,431,430,429,436,437,438,439,440,441,442,546435.433,367593.247,306875.517,542052.529,993230.005,1167295.223,245816.361,424629.651,289765.867,320148.363,319685.016,378455.518,414134.797,525501.744
90,1518934235,436,1670.983,435,434,433,432,431,430,429,436,437,438,439,440,441,442,546435.433,367593.247,311875.517,542052.529,993230.005,1167295.223,245816.361,416490.490,334541.489,320148.363,319685.016,378455.518,414134.797,525501.744
91,1518934237,436,1670.983,435,434,433,432,431,430,429,436,437,438,439,440,441,442,546653.963,363145.551,306411.344,542052.529,993230.005,1167295.223,245816.361,421849.447,334541.489,320148.363,319685.016,378455.518,414134.797,525501.744
92,1518934238,436,1157.631,435,434,433,432,431,430,429,436,437,438,439,440,441,442,547807.464,363145.551,306531.400,542052.529,993462.024,1167295.223,245816.361,304832.997,334541.489,320148.363,319685.016,378455.518,414134.797,525501.744
93,1518934240,436,219.189,435,434,433,432,431,430,429,436,437,438,439,440,441,442,547807.464,320776.284,306531.400,542052.529,993462.024,1167295.223,245816.361,204632.202,334541.489,320148.363,319685.016,378455.518,414134.797,525501.744
94,1518934241,437,8584.296,436,435,434,433,432,431,430,437,438,439,440,441,442,443,14635.534,549840.517,334208.893,306531.400,542052.529,993462.024,1166376.361,340838.780,320148.363,319685.016,378455.518,414134.797,525501.744,135995.164
95,1518934243,437,8584.296,436,435,434,433,432,431,430,437,438,439,440,441,442,443,210075.008,561844.028,334208.893,306531.400,542052.529,993462.024,1166667.948,313118.463,320148.363,319685.016,378455.518,414134.797,525501.744,135995.164
96,1518934245,437,8584.296,436,435,434,433,432,431,430,437,438,439,440,441,442,443,242173.713,561844.028,334208.893,316150.202,542052.529,993462.024,1166667.948,276365.860,320148.363,319685.016,378455.518,414134.797,525501.744,135995.164
97,1518934246,436,1.101,436,435,434,433,432,431,430,437,438,439,440,441,442,443,242173.713,600355.304,334708.893,316150.202,542052.529,993462.024,1166117.577,276365.860,320148.363,319685.016,378455.518,414134.797,525501.744,135995.164
98,1518934248,437,611.123,436,435,434,433,432,431,430,437,438,439,440,441,442,443,243631.618,596471.028,325695.862,316150.202,534184.843,993462.024,1166117.577,272957.528,320148.363,319685.016,378455.518,414134.797,525501.744,135995.164
99,1518934249,437,611.123,436,435,434,433,432,431,430,437,438,439,440,441,442,443,243631.618,596471.028,325489.113,315224.494,534184.843,993462.024,1166117.577,310457.528,320148.363,319685.016,378455.518,414134.797,525501.744,135995.164
100,1518934251,436,43.542,436,435,434,433,432,431,430,437,438,439,440,441,442,443,248690.141,595317.526,325489.113,315224.494,534184.843,998336.024,1166117.577,310579.713,320148.363,319685.016,378455.518,414134.797,525501.744,135995.164
101,1518934252,437,1174.539,436,435,434,433,432,431,430,437,438,439,440,441,442,443,248690.141,582820.373,325978.960,310325.953,534184.843,998336.024,1166117.577,209471.063,320148.363,319685.016,378455.518,414134.797,525501.744,135995.164
102,1518934254,437,964.726,436,435,434,433,432,431,430,437,438,439,440,441,442,443,248690.141,579564.543,325978.960,307050.723,534184.843,998336.024,1162562.963,214471.063,320148.363,319685.016,378455.518,414134.797,525501.744,135995.164
103,1518934256,437,1858.188,436,435,434,433,432,431,430,437,438,439,440,441,442,443,249160.122,581733.721,325978.960,276953.177,503333.634,998336.024,1162562.963,97157.434,320300.039,319685.016,378455.518,414134.797,525501.744,135995.164
104,1518934257,437,3785.787,436,435,434,433,432,431,430,437,438,439,440,441,442,443,267961.070,577962.954,325978.960,276953.177,503333.634,998336.024,1161562.963,95299.246,320300.039,319685.016,378455.518,414134.797,525501.744,135995.164
105,1518934259,437,7388.190,436,435,434,433,432,431,430,437,438,439,440,441,442,443,244629.935,577962.954,324352.614,276953.177,503863.634,998336.024,1161562.963,125999.967,307837.253,319685.016,380852.243,414134.797,525501.744,135995.164
106,1518934260,437,122.204,436,435,434,433,432,431,430,437,438,439,440,441,442,443,163271.043,570180.490,324352.614,276953.177,503863.634,998336.024,1161562.963,93574.280,307837.253,320185.016,380852.243,414134.797,525501.744,135995.164
107,1518934261,437,3022.949,436,435,434,433,432,431,430,437,438,439,440,441,442,443,164291.341,564780.490,324352.614,276953.177,467577.617,998336.024,1158270.121,91381.268,407912.471,320185.016,380852.243,414134.797,525501.744,135995.164
108,1518934263,437,120.000,436,435,434,433,432,431,430,437,438,439,440,441,442,443,118584.299,564780.490,329239.868,276953.177,467577.617,998336.024,1158270.121,118694.312,632594.104,394702.870,380852.243,414134.797,525501.744,135995.164
109,1518934265,437,115.000,436,435,434,433,432,431,430,437,438,439,440,441,442,443,129712.310,565481.156,329239.868,276953.177,467577.617,998935.374,1156270.121,200102.516,632594.104,394702.870,380852.243,414134.797,525501.744,135995.164
110,1518934266,437,3809.220,436,435,434,433,432,431,430,437,438,439,440,441,442,443,129712.310,580716.129,328243.171,276453.177,457542.572,985838.572,1156270.121,175322.072,632594.104,340573.472,351246.310,414134.797,525501.744,135995.164
111,1518934268,437,300.000,436,435,434,433,432,431,430,437,438,439,440,441,442,443,115394.619,583971.122,328243.171,276453.177,457542.572,975825.388,1156270.121,218283.920,632594.104,340573.472,351246.310,414134.797,525501.744,135995.164
112,1518934269,437,7000.000,436,435,434,433,432,431,430,437,438,439,440,441,442,443,115394.619,585365.574,311429.822,276153.177,457542.572,975825.388,1156270.121,210230.219,632594.104,340573.472,351246.310,414134.797,525501.744,135995.164
113,1518934271,437,3866.499,436,435,434,433,432,431,430,437,438,439,440,441,442,443,121743.093,588365.574,311006.272,273322.400,457542.572,975825.388,1156270.121,203230.219,632594.104,340573.472,351246.310,414134.797,525501.744,135995.164
114,1518934273,437,1307.154,436,435,434,433,432,431,430,437,438,439,440,441,442,443,134940.259,578095.097,311006.272,273322.400,457542.572,975825.388,1156270.121,199363.720,632594.104,340573.472,351246.310,414134.797,525501.744,135995.164
115,1518934274,437,1307.154,436,435,434,433,432,431,430,437,438,439,440,441,442,443,132336.311,578095.097,311006.272,279322.400,457542.572,975825.388,1156270.121,378281.446,632594.104,340573.472,351246.310,414134.797,525501.744,135995.164
116,1518934276,437,1455.667,436,435,434,433,432,431,430,437,438,439,440,441,442,443,135620.526,596048.235,311006.272,279322.400,457542.572,976449.948,1156270.121,376825.780,631288.866,340573.472,352046.310,414134.797,525501.744,135995.164
117,1518934277,437,1455.667,436,435,434,433,432,431,430,437,438,439,440,441,442,443,135845.402,600924.255,311006.272,279322.400,457542.572,976449.948,1156270.121,379012.561,631288.866,340573.472,352046.310,414134.797,525501.744,135995.164
118,1518934279,437,5000.000,436,435,434,433,432,431,430,437,438,439,440,441,442,443,135845.402,600924.255,311006.272,279322.400,457542.572,976449.948,1156270.121,374012.561,631288.866,340573.472,352046.310,414134.797,525501.744,135995.164
119,1518934280,437,989.856,436,435,434,433,432,431,430,437,438,439,440,441,442,443,135845.402,595504.429,308006.272,279090.894,462902.948,971809.577,1156270.121,374012.561,631288.866,340573.472,352046.310,414134.797,525501.744,135995.164
120,1518934282,437,1000.000,436,435,434,433,432,431,430,437,438,439,440,441,442,443,148099.683,595504.429,288034.901,279090.894,483017.198,971809.577,1156270.121,374184.270,631288.866,340573.472,352046.310,414134.797,525501.744,135995.164
121,1518934283,437,1145.688,436,435,434,433,432,431,430,437,438,439,440,441,442,443,148099.683,577551.291,284167.815,279090.894,483017.198,972267.339,1156270.121,374184.270,631288.866,340573.472,397986.976,414134.797,525501.744,135995.164
122,1518934285,437,3847.593,436,435,434,433,432,431,430,437,438,439,440,441,442,443,148099.683,577551.291,284167.815,279090.894,483017.198,972267.339,1157270.121,375038.583,631288.866,340573.472,397986.976,414134.797,525501.744,136125.234
123,1518934287,437,3847.593,436,435,434,433,432,431,430,437,438,439,440,441,442,443,147816.504,578551.291,284167.815,279090.894,483017.198,972267.339,1157270.121,371190.989,631288.866,340573.472,397986.976,414134.797,525501.744,136407.052
124,1518934288,436,9765.457,436,435,434,433,432,431,430,437,438,439,440,441,442,443,151518.560,576847.536,281768.934,279090.894,483931.805,972417.339,1157270.121,368856.981,631288.866,340573.472,397986.976,414134.797,525501.744,136407.052
125,1518934289,437,23112.599,436,435,434,433,432,431,430,437,438,439,440,441,442,443,140276.997,596772.996,281768.934,279090.894,483931.805,972417.339,1157270.121,368856.981,635074.653,333673.472,397986.976,414134.797,525501.744,136407.052
126,1518934291,437,1000.000,436,435,434,433,432,431,430,437,438,439,440,441,442,443,140098.547,606166.235,281768.934,279090.894,483931.805,972417.339,1157037.563,351163.193,635074.653,333673.472,397986.976,414134.797,525501.744,136407.052
127,1518934293,437,1000.000,436,435,434,433,432,431,430,437,438,439,440,441,442,443,140098.547,613111.011,281768.934,279090.894,483931.805,972667.339,1157037.563,351336.699,635074.653,333673.472,397986.976,414134.797,525501.744,136407.052
128,1518934294,436,964.726,436,435,434,433,432,431,430,437,438,439,440,441,442,443,139133.821,613111.011,281768.934,279090.894,483931.805,972667.339,1157037.563,351458.903,635074.653,333673.472,430592.908,414134.797,525501.744,136407.052
129,1518934296,436,51300.237,436,435,434,433,432,431,430,437,438,439,440,441,442,443,72155.911,613273.633,274981.906,279090.894,467129.227,972667.339,1157037.563,310398.192,635074.653,333153.043,430592.908,414134.797,525501.744,136407.052
130,1518934297,436,51300.237,436,435,434,433,432,431,430,437,438,439,440,441,442,443,77563.306,616835.387,275587.753,279090.894,467129.227,972667.339,1158599.538,346965.581,635074.653,333153.043,430592.908,414134.797,525501.744,136407.052
131,1518934299,436,3784.398,435,434,433,432,431,430,429,436,437,438,439,440,441,442,616616.858,275587.753,279090.894,467129.227,972667.339,1158599.538,253171.417,8076.975,443805.953,635074.653,333153.043,430592.908,414134.797,525501.744
132,1518934300,436,622.701,435,434,433,432,431,430,429,436,437,438,439,440,441,442,616616.858,275840.044,278532.385,467129.227,972667.339,1158599.538,253171.417,6061.703,457741.355,635074.653,333153.043,430592.908,414134.797,525501.744
133,1518934302,436,3927.729,435,434,433,432,431,430,429,436,437,438,439,440,441,442,616157.087,275840.044,278332.385,467129.227,972667.339,1158716.049,253171.417,17785.144,457619.150,635074.653,333153.043,430592.908,414134.797,525501.744
134,1518934303,436,3927.729,435,434,433,432,431,430,429,436,437,438,439,440,441,442,609212.312,275840.044,278332.385,467129.227,972667.339,1158716.049,253171.417,41282.956,457619.150,635074.653,333153.043,430592.908,414134.797,525501.744
135,1518934305,436,3927.729,435,434,433,432,431,430,429,436,437,438,439,440,441,442,609212.312,275840.044,278332.385,467129.227,972667.339,1158716.049,253171.417,61226.204,510925.432,635360.969,333153.043,430592.908,414134.797,525501.744
136,1518934307,436,10317.032,435,434,433,432,431,430,429,436,437,438,439,440,441,442,614770.210,275840.044,278332.385,544049.605,972667.339,1158716.049,253171.417,61226.204,520925.432,635360.969,333153.043,430592.908,414134.797,525501.744
137,1518934308,436,9774.931,435,434,433,432,431,430,429,436,437,438,439,440,441,442,614770.210,275840.044,278332.385,544049.605,972667.339,1158716.049,253171.417,29476.098,520925.432,635360.969,333153.043,430592.908,414134.797,525501.744
138,1518934310,436,1692.076,435,434,433,432,431,430,429,436,437,438,439,440,441,442,615270.210,275840.044,278560.142,544049.605,972667.339,1158716.049,253171.417,86195.704,544072.714,635360.969,333153.043,430592.908,414134.797,525501.744
139,1518934311,436,6928.848,435,434,433,432,431,430,429,436,437,438,439,440,441,442,626085.087,275840.044,277684.937,544049.605,972667.339,1158716.049,253171.417,93878.666,560382.724,635360.969,333153.043,430592.908,414134.797,525501.744
140,1518934313,436,6928.848,435,434,433,432,431,430,429,436,437,438,439,440,441,442,625085.087,257845.539,296531.735,545163.472,972667.339,1158716.049,253171.417,121885.793,560382.724,635360.969,238324.846,430592.908,414134.797,525501.744
141,1518934314,436,6928.848,435,434,433,432,431,430,429,436,437,438,439,440,441,442,625085.087,257845.539,297064.180,539428.499,972667.339,1156816.049,253171.417,234649.109,560382.724,635360.969,238324.846,430592.908,414134.797,525501.744
142,1518934316,436,4587.156,435,434,433,432,431,430,429,436,437,438,439,440,441,442,625085.087,259152.095,296113.877,539428.499,972667.339,1157178.082,253171.417,409351.060,560382.724,635360.969,238324.846,430592.908,414134.797,525501.744
143,1518934318,436,3244.983,435,434,433,432,431,430,429,436,437,438,439,440,441,442,625085.087,259152.095,298005.469,536662.294,973180.181,1157178.082,256874.006,450489.372,558382.724,635360.969,238324.846,430592.908,414134.797,525501.744
144,1518934319,436,3244.983,435,434,433,432,431,430,429,436,437,438,439,440,441,442,628266.081,259152.095,316041.531,536662.294,973180.181,1157178.082,256874.006,447244.389,558382.724,635360.969,238324.846,430592.908,414134.797,525501.744
145,1518934321,436,8795.274,435,434,433,432,431,430,429,436,437,438,439,440,441,442,630266.081,259152.095,316241.531,535276.893,973180.181,1157178.082,256874.006,438512.295,558382.724,635360.969,238324.846,426592.908,414134.797,525501.744
146,1518934322,436,200.000,435,434,433,432,431,430,429,436,437,438,439,440,441,442,630785.995,259152.095,316241.531,535276.893,973180.181,1157178.082,256874.006,429517.021,574529.469,635360.969,238324.846,426592.908,417536.853,525501.744
147,1518934323,436,200.000,435,434,433,432,431,430,429,436,437,438,439,440,441,442,630785.995,259152.095,316241.531,513230.638,973180.181,1157178.082,256874.006,412913.565,575121.380,635360.969,238324.846,426592.908,417536.853,525501.744
148,1518934325,436,200.000,435,434,433,432,431,430,429,436,437,438,439,440,441,442,616383.384,259152.095,322599.670,512464.684,973180.181,1156978.082,256874.006,422363.320,574821.380,635360.969,240324.846,426592.908,417536.853,525501.744
149,1518934327,436,674.239,435,434,433,432,431,430,429,436,437,438,439,440,441,442,614130.511,259152.095,322599.670,512464.684,973670.229,1156978.082,256874.006,388287.158,574821.380,635360.969,240324.846,426592.908,417536.853,525501.744
150,1518934328,436,674.239,435,434,433,432,431,430,429,436,437,438,439,440,441,442,615130.511,254548.404,322599.670,512464.684,973670.229,1156978.082,256874.006,392534.348,594821.380,635360.969,240324.846,426592.908,417536.853,525501.744
151,1518934330,435,200.000,435,434,433,432,431,430,429,436,437,438,439,440,441,442,614930.511,254548.404,322599.670,512464.684,974670.229,1156978.082,256874.006,391387.559,621448.673,635360.969,240324.846,426592.908,417536.853,525501.744
152,1518934332,435,200.000,435,434,433,432,431,430,429,436,437,438,439,440,441,442,614930.511,254548.404,322599.670,524038.758,974670.229,1156978.082,256874.006,391387.559,621448.673,635360.969,240324.846,426592.908,417536.853,480842.719
153,1518934333,435,200.000,435,434,433,432,431,430,429,436,437,438,439,440,441,442,614930.511,254548.404,322599.670,524038.758,974670.229,1156978.082,256874.006,391687.559,621448.673,635360.969,243569.829,426592.908,417536.853,480842.719
154,1518934335,436,15212.410,435,434,433,432,431,430,429,436,437,438,439,440,441,442,615824.058,254548.404,322599.670,524038.758,974670.229,1156978.082,256874.006,376352.945,616287.107,635360.969,243569.829,426592.908,415536.853,480842.719
155,1518934336,435,45000.000,435,434,433,432,431,430,429,436,437,438,439,440,441,442,615704.058,254548.404,322599.670,524038.758,974670.229,1156978.082,256874.006,362032.280,616287.107,635360.969,243569.829,448922.421,415536.853,480842.719
156,1518934338,435,200.000,435,434,433,432,431,430,429,436,437,438,439,440,441,442,570304.058,254548.404,322599.670,524038.758,974670.229,1156978.082,256874.006,362032.280,616287.107,635360.969,243569.829,448922.421,415536.853,480842.719
157,1518934339,435,200.000,435,434,433,432,431,430,429,436,437,438,439,440,441,442,613428.501,256097.410,322599.670,524038.758,974670.229,1156978.082,256874.006,369715.242,616287.107,635360.969,243569.829,437878.776,415536.853,480842.719
158,1518934341,435,5161.565,435,434,433,432,431,430,429,436,437,438,439,440,441,442,609770.264,256097.410,322599.670,524038.758,974670.229,1156978.082,256874.006,442270.051,619287.107,635360.969,243569.829,437878.776,415536.853,480842.719
159,1518934342,435,9513.750,435,434,433,432,431,430,429,436,437,438,439,440,441,442,595600.680,272059.224,322599.670,524038.758,974670.229,1154815.292,256874.006,448064.205,619287.107,635360.969,243569.829,392427.897,415536.853,480842.719
160,1518934344,435,4739.176,435,434,433,432,431,430,429,436,437,438,439,440,441,442,586685.378,273059.224,322599.670,524038.758,974670.229,1154815.292,256874.006,402678.703,619287.107,635360.969,258143.416,392427.897,426580.497,480842.719
161,1518934346,436,4963.392,435,434,433,432,431,430,429,436,437,438,439,440,441,442,589202.037,277196.547,324327.425,524038.758,974670.229,1154815.292,256874.006,397715.310,619287.107,635360.969,258143.416,392427.897,426580.497,480842.719
162,1518934347,436,4963.392,435,434,433,432,431,430,429,436,437,438,439,440,441,442,605639.258,277196.547,324327.425,524038.758,974670.229,1154815.292,256874.006,397715.310,619287.107,635360.969,258143.416,392427.897,426580.497,480842.719
163,1518934349,435,200.000,435,434,433,432,431,430,429,436,437,438,439,440,441,442,608047.103,277196.547,324327.425,524038.758,976081.943,1156096.848,256874.006,410941.338,619287.107,635360.969,258143.416,392427.897,426580.497,480842.719
164,1518934350,435,200.000,435,434,433,432,431,430,429,436,437,438,439,440,441,442,607847.103,277196.547,324327.425,524038.758,976081.943,1156096.848,256874.006,409941.338,619287.107,631575.183,258143.416,392427.897,426580.497,480842.719
165,1518934352,435,200.000,435,434,433,432,431,430,429,436,437,438,439,440,441,442,615082.952,277196.547,324327.425,528905.058,976081.943,1156296.848,256874.006,409941.338,619287.107,631575.183,258143.416,392427.897,426580.497,480842.719
166,1518934353,435,200.000,435,434,433,432,431,430,429,436,437,438,439,440,441,442,625348.790,281414.973,324327.425,528905.058,976081.943,1168826.181,256874.006,409941.338,619287.107,406893.549,258143.416,392427.897,426580.497,480842.719
167,1518934355,435,200.000,435,434,433,432,431,430,429,436,437,438,439,440,441,442,632474.116,280414.973,324693.614,528905.058,976081.943,1168826.181,256874.006,409941.338,619287.107,406893.549,258143.416,392427.897,426580.497,480842.719
168,1518934356,435,200.000,435,434,433,432,431,430,429,436,437,438,439,440,441,442,632474.116,280414.973,324813.614,528905.058,976081.943,1168826.181,256874.006,409941.338,618695.196,406893.549,258143.416,390031.172,426580.497,480842.719
169,1518934358,435,200.000,435,434,433,432,431,430,429,436,437,438,439,440,441,442,632474.116,280614.973,324813.614,517330.984,976081.943,1168826.181,256874.006,409941.338,618695.196,406893.549,270606.202,390031.172,426580.497,480842.719
170,1518934360,436,1936.979,435,434,433,432,431,430,429,436,437,438,439,440,441,442,679940.615,285614.973,324447.425,517330.984,976081.943,1168826.181,256874.006,363382.318,626854.167,406893.549,270606.202,390031.172,426580.497,480842.719
171,1518934361,436,1936.979,435,434,433,432,431,430,429,436,437,438,439,440,441,442,678974.920,289859.883,324447.425,517330.984,976081.943,1168826.181,256874.006,357762.834,626854.167,406893.549,270606.202,392031.172,426580.497,689321.738
172,1518934363,435,1851.511,435,434,433,432,431,430,429,436,437,438,439,440,441,442,679117.284,289859.883,324447.425,519350.984,976081.943,1168826.181,256874.006,359936.788,626854.167,406893.549,270606.202,392031.172,426580.497,689321.738
173,1518934365,436,3300.000,435,434,433,432,431,430,429,436,437,438,439,440,441,442,657024.071,289859.883,324447.425,442930.607,976081.943,1168826.181,256874.006,371662.255,623854.167,406893.549,270606.202,392031.172,338964.952,689321.738
174,1518934366,436,3300.000,435,434,433,432,431,430,429,436,437,438,439,440,441,442,666826.766,289859.883,324447.425,443295.112,976081.943,1178827.976,256874.006,371662.255,623854.167,406893.549,256032.615,392031.172,338964.952,689321.738
175,1518934367,435,114943.224,435,434,433,432,431,430,429,436,437,438,439,440,441,442,667659.984,289744.673,324447.425,443295.112,976081.943,1181913.824,256874.006,370656.464,627857.322,406893.549,256032.615,392031.172,338964.952,689321.738
176,1518934369,435,114943.224,435,434,433,432,431,430,429,436,437,438,439,440,441,442,552716.759,289744.673,324447.425,443295.112,1003836.669,1181913.824,256874.006,373300.906,629437.937,406893.549,256032.615,392031.172,338964.952,689321.738
177,1518934371,435,114943.224,435,434,433,432,431,430,429,436,437,438,439,440,441,442,552716.759,289744.673,322648.918,443295.112,1003836.669,1182913.824,256874.006,373300.906,629437.937,406893.549,256032.615,392031.172,338964.952,689321.738
178,1518934372,436,277.333,435,434,433,432,431,430,429,436,437,438,439,440,441,442,595824.527,289744.673,322648.918,443295.112,1003836.669,1182913.824,256874.006,373300.906,629437.937,406893.549,256032.615,392031.172,338964.952,689321.738
179,1518934374,436,277.333,435,434,433,432,431,430,429,436,437,438,439,440,441,442,600243.918,286526.247,323648.918,443295.112,1003836.669,1182913.824,256874.006,373023.573,629437.937,406893.549,256032.615,392031.172,338964.952,690828.233
180,1518934375,435,8142.156,435,434,433,432,431,430,429,436,437,438,439,440,441,442,600043.918,298674.325,323648.918,443295.112,1003836.669,1182913.824,256874.006,373023.573,629437.937,406893.549,256032.615,392031.172,338964.952,690828.233
181,1518934377,435,8142.156,435,434,433,432,431,430,429,436,437,438,439,440,441,442,591901.761,299771.076,323648.918,443295.112,1003836.669,1172792.947,256874.006,373023.573,629437.937,406893.549,256032.615,392031.172,338964.952,690828.233
182,1518934378,435,399.098,435,434,433,432,431,430,429,436,437,438,439,440,441,442,594269.355,299771.076,323648.918,446295.112,1003956.669,1172792.947,256874.006,373023.573,633436.672,406893.549,256032.615,392031.172,338964.952,690828.233
183,1518934380,435,1013.437,435,434,433,432,431,430,429,436,437,438,439,440,441,442,682969.868,301727.824,323648.918,446295.112,1003452.897,1172792.947,256874.006,373023.573,617126.662,406893.549,256032.615,392031.172,338964.952,690828.233
184,1518934382,435,1013.437,435,434,433,432,431,430,429,436,437,438,439,440,441,442,687532.840,301727.824,323648.918,446295.112,1003452.897,1172792.947,256534.797,376023.573,617126.662,406893.549,256032.615,392031.172,338964.952,690828.233
185,1518934383,436,1006.332,435,434,433,432,431,430,429,436,437,438,439,440,441,442,687532.840,304916.147,323648.918,446295.112,1003452.897,1172792.947,256534.797,376667.833,617126.662,406893.549,256032.615,393169.676,338964.952,690828.233
186,1518934384,436,1006.332,435,434,433,432,431,430,429,436,437,438,439,440,441,442,687532.840,304916.147,324100.601,446295.112,1003452.897,1172792.947,256534.797,375661.501,617126.662,406893.549,256032.615,393169.676,338964.952,690828.233
187,1518934386,436,1006.332,435,434,433,432,431,430,429,436,437,438,439,440,441,442,655374.268,302476.191,322100.601,446295.112,1003452.897,1172792.947,252832.208,366137.082,617126.662,406893.549,256032.615,393169.676,338964.952,690828.233
188,1518934388,436,209.110,435,434,433,432,431,430,429,436,437,438,439,440,441,442,661674.268,302476.191,322100.601,446295.112,1003452.897,1172792.947,252832.208,366137.082,617126.662,406893.549,256032.615,393169.676,338964.952,690828.233
189,1518934389,436,2250.950,435,434,433,432,431,430,429,436,437,438,439,440,441,442,663952.863,304270.555,322100.601,446295.112,1011948.475,1172792.947,252832.208,360677.021,631887.248,406893.549,256032.615,393169.676,338964.952,690828.233
190,1518934391,436,841.316,435,434,433,432,431,430,429,436,437,438,439,440,441,442,663952.863,304270.555,322100.601,446295.112,1011948.475,1172792.947,252832.208,359835.706,631887.248,406893.549,256032.615,393169.676,344204.709,690828.233
191,1518934392,436,300.000,435,434,433,432,431,430,429,436,437,438,439,440,441,442,663952.863,304270.555,322100.601,446295.112,1011948.475,1172091.777,252832.208,348462.253,562915.866,406893.549,256032.615,393169.676,344204.709,690828.233
192,1518934394,436,11601.062,435,434,433,432,431,430,429,436,437,438,439,440,441,442,664102.863,304270.555,322100.601,473747.801,1011948.475,1172091.777,252832.208,336861.191,558912.711,406893.549,256032.615,393169.676,344204.709,696067.990
193,1518934396,436,2293.578,435,434,433,432,431,430,429,436,437,438,439,440,441,442,664102.863,304270.555,322100.601,473747.801,1011948.475,1172091.777,253231.208,333124.991,558912.711,406893.549,256032.615,393169.676,341535.707,696067.990
194,1518934397,436,4900.779,435,434,433,432,431,430,429,436,437,438,439,440,441,442,670133.269,302313.807,322100.601,477796.490,1011948.475,1172091.777,253231.208,332162.593,558912.711,406893.549,256032.615,393169.676,341535.707,696067.990
195,1518934398,436,4900.779,435,434,433,432,431,430,429,436,437,438,439,440,441,442,674081.956,303481.457,322100.601,477796.490,1011948.475,1172970.085,253231.208,326619.149,558912.711,406893.549,256032.615,393169.676,341535.707,696067.990
196,1518934400,436,4900.779,435,434,433,432,431,430,429,436,437,438,439,440,441,442,674081.956,303361.457,322602.046,477796.490,1011948.475,1172970.085,254244.180,330622.303,558912.711,406893.549,256032.615,393169.676,341535.707,696067.990
197,1518934402,436,2119.259,435,434,433,432,431,430,429,436,437,438,439,440,441,442,664562.574,303361.457,322602.046,477796.490,1011948.475,1172970.085,254244.180,330622.303,610039.403,406893.549,256032.615,393169.676,341535.707,696067.990
198,1518934403,436,462.999,435,434,433,432,431,430,429,436,437,438,439,440,441,442,633113.985,303361.457,322602.046,477796.490,1011948.475,1172970.085,254244.180,324309.128,610039.403,406893.549,256032.615,393169.676,341535.707,696067.990
199,1518934405,436,1432.550,435,434,433,432,431,430,429,436,437,438,439,440,441,442,635070.733,303361.457,322602.046,477796.490,1011948.475,1172970.085,254244.180,328477.258,610039.403,406893.549,256032.615,393169.676,341535.707,696067.990
200,1518934406,436,29636.159,435,434,433,432,431,430,429,436,437,438,439,440,441,442,635148.527,303361.457,322602.046,477796.490,1012970.296,1134142.319,254244.180,302601.827,610039.403,406893.549,256468.395,393169.676,341535.707,696067.990
201,1518934408,436,71754.580,435,434,433,432,431,430,429,436,437,438,439,440,441,442,635148.527,303231.457,322602.046,477796.490,968658.058,1134142.319,254244.180,262158.498,610039.403,406893.549,256468.395,393169.676,341535.707,696067.990
202,1518934409,436,942.747,435,434,433,432,431,430,429,436,437,438,439,440,441,442,634186.128,303231.457,322602.046,477796.490,968658.058,1134142.319,254244.180,93536.429,610039.403,406893.549,260254.182,393169.676,341535.707,696067.990
203,1518934411,436,7049.487,436,435,434,433,432,431,430,437,438,439,440,441,442,443,19165.381,633036.128,303231.457,322602.046,477796.490,968658.058,1129895.872,604505.591,406893.549,260254.182,393169.676,341535.707,696067.990,140276.982
204,1518934413,436,7049.487,436,435,434,433,432,431,430,437,438,439,440,441,442,443,525174.803,633036.128,303231.457,322602.046,477796.490,968658.058,1129895.872,604505.591,406893.549,260254.182,415499.189,341535.707,696067.990,140276.982
205,1518934414,436,999.091,436,435,434,433,432,431,430,437,438,439,440,441,442,443,534175.712,630036.128,300234.986,322602.046,477796.490,914308.652,1129895.872,604505.591,406893.549,260254.182,415499.189,341535.707,696067.990,140276.982
206,1518934416,436,190.872,436,435,434,433,432,431,430,437,438,439,440,441,442,443,538486.426,666071.897,300234.986,322602.046,477796.490,914308.652,1129895.872,604505.591,406893.549,260254.182,415499.189,341535.707,696067.990,140276.982
207,1518934417,436,190.872,436,435,434,433,432,431,430,437,438,439,440,441,442,443,506159.185,699222.335,288734.986,322602.046,477590.537,914308.652,1109252.461,545642.724,406893.549,260254.182,415499.189,341535.707,696067.990,140276.982
208,1518934419,436,190.872,436,435,434,433,432,431,430,437,438,439,440,441,442,443,232681.264,699222.335,288734.986,322602.046,477590.537,914308.652,1109252.461,545642.724,406893.549,260254.182,415499.189,341535.707,696067.990,140276.982
209,1518934420,437,1000.000,436,435,434,433,432,431,430,437,438,439,440,441,442,443,241526.293,688398.862,289034.986,322602.046,477590.537,914308.652,1109252.461,444441.928,406893.549,260254.182,415499.189,341535.707,696067.990,140276.982
210,1518934422,436,16347.418,435,434,433,432,431,430,429,436,437,438,439,440,441,442,683522.842,289034.986,322602.046,477590.537,913612.944,1110452.461,253244.180,56180.129,434441.928,406893.549,260254.182,415499.189,341535.707,696067.990
211,1518934424,436,3360.424,435,434,433,432,431,430,429,436,437,438,439,440,441,442,686583.836,281034.986,322602.046,477590.537,913612.944,1110752.461,253244.180,3512.830,434578.437,406893.549,260254.182,415499.189,341535.707,696067.990
212,1518934425,436,3360.424,436,435,434,433,432,431,430,437,438,439,440,441,442,443,4968.542,740669.129,281034.986,322602.046,477590.537,913612.944,1110872.461,434578.437,406893.549,260254.182,415499.189,341535.707,696067.990,140276.982
213,1518934427,436,10031.458,436,435,434,433,432,431,430,437,438,439,440,441,442,443,27574.857,760594.589,279938.235,322602.046,477590.537,913612.944,1110872.461,434578.437,406893.549,260254.182,415499.189,341535.707,696067.990,140276.982
214,1518934428,436,270.765,436,435,434,433,432,431,430,437,438,439,440,441,442,443,57353.977,737042.793,279938.235,322602.046,477590.537,913612.944,1110872.461,434578.437,406893.549,260254.182,415499.189,341535.707,696067.990,140276.982
215,1518934430,436,270.765,436,435,434,433,432,431,430,437,438,439,440,441,442,443,129963.381,741792.398,279938.235,322602.046,477590.537,913612.944,1111872.461,434578.437,406893.549,260254.182,415499.189,341535.707,696067.990,140276.982
216,1518934431,436,270.765,436,435,434,433,432,431,430,437,438,439,440,441,442,443,135058.194,742252.168,279646.142,322602.046,477590.537,913612.944,1111872.461,436930.915,406893.549,264314.182,415499.189,341535.707,696067.990,140276.982
217,1518934433,437,120.000,436,435,434,433,432,431,430,437,438,439,440,441,442,443,145001.174,742252.168,279646.142,343594.284,477590.537,913612.944,1111872.461,436930.915,414629.725,264314.182,425799.189,341535.707,696067.990,140276.982
218,1518934434,436,2046.009,436,435,434,433,432,431,430,437,438,439,440,441,442,443,143873.115,742252.168,279646.142,343594.284,477590.537,913612.944,1100566.853,439440.068,414629.725,264314.182,425799.189,341535.707,696067.990,140276.982
219,1518934438,436,2898.716,436,435,434,433,432,431,430,437,438,439,440,441,442,443,145237.597,753752.168,279646.142,343594.284,477590.537,913612.944,1100566.853,439440.068,414629.725,264314.182,425799.189,341535.707,696067.990,140276.982
220,1518934439,436,7954.791,436,435,434,433,432,431,430,437,438,439,440,441,442,443,156338.041,765227.826,279646.142,343594.284,472695.982,913612.944,1108744.853,434731.651,414629.725,264314.182,425799.189,341535.707,696067.990,140276.982
221,1518934441,436,507.042,436,435,434,433,432,431,430,437,438,439,440,441,442,443,120706.381,767627.826,279646.142,343594.284,472695.982,913612.944,1108744.853,434731.651,434629.725,264314.182,425799.189,341535.707,696067.990,140276.982
222,1518934442,436,507.042,436,435,434,433,432,431,430,437,438,439,440,441,442,443,209890.880,796152.029,279646.142,343594.284,472695.982,913612.944,1104831.106,434731.651,434629.725,264314.182,425799.189,341535.707,696067.990,140276.982
223,1518934444,436,507.042,436,435,434,433,432,431,430,437,438,439,440,441,442,443,154743.068,798586.375,280337.041,343594.284,472695.982,913612.944,1104831.106,445241.803,434629.725,264314.182,425799.189,341535.707,696067.990,140276.982
224,1518934446,436,10743.625,436,435,434,433,432,431,430,437,438,439,440,441,442,443,27392.289,794811.038,280337.041,343394.284,472695.982,913812.944,1104831.106,445241.803,434629.725,264314.182,425799.189,341535.707,696067.990,140276.982
225,1518934447,437,692.009,436,435,434,433,432,431,430,437,438,439,440,441,442,443,38983.063,798069.239,280337.041,343394.284,484269.982,913812.944,1104831.106,445241.803,434629.725,286368.516,425799.189,341535.707,696067.990,140276.982
226,1518934449,436,1950.074,436,435,434,433,432,431,430,437,438,439,440,441,442,443,32031.287,798588.335,280337.041,341666.529,484269.982,913812.944,1104831.106,459549.794,434629.725,286368.516,425799.189,351535.707,696067.990,140276.982
227,1518934450,436,1950.074,436,435,434,433,432,431,430,437,438,439,440,441,442,443,68993.510,798588.335,280337.041,341666.529,484269.982,913812.944,1107748.472,459549.794,414629.725,286368.516,425799.189,351535.707,696067.990,140276.982
228,1518934452,436,3108.693,436,435,434,433,432,431,430,437,438,439,440,441,442,443,89283.764,798588.335,280337.041,341666.529,484269.982,913812.944,1107748.472,459549.794,414629.725,286368.516,425799.189,351535.707,696067.990,140276.982
229,1518934453,436,3108.693,436,435,434,433,432,431,430,437,438,439,440,441,442,443,136067.852,795901.545,280337.041,341666.529,484269.982,913812.944,1107748.472,459549.794,414629.725,286368.516,425799.189,351535.707,696067.990,140276.982
230,1518934455,437,250.000,436,435,434,433,432,431,430,437,438,439,440,441,442,443,160852.410,779113.353,280537.041,341666.529,484269.982,913812.944,1107748.472,459299.794,414629.725,286368.516,425799.189,351535.707,696067.990,140276.982
231,1518934456,437,250.000,436,435,434,433,432,431,430,437,438,439,440,441,442,443,243557.142,779113.353,280537.041,341666.529,484269.982,913812.944,1107748.472,536723.781,414629.725,286368.516,425799.189,351535.707,696067.990,140276.982
232,1518934458,437,10965.536,436,435,434,433,432,431,430,437,438,439,440,441,442,443,265713.933,779113.353,280537.041,341666.529,484269.982,913812.944,1107748.472,578592.604,414629.725,286368.516,425799.189,351535.707,696067.990,140276.982
233,1518934459,437,10965.536,436,435,434,433,432,431,430,437,438,439,440,441,442,443,303352.255,782814.077,280537.041,341666.529,484269.982,913812.944,1107631.270,567627.069,414629.725,286368.516,425799.189,351535.707,696067.990,140276.982
234,1518934461,437,10965.536,436,435,434,433,432,431,430,437,438,439,440,441,442,443,350154.303,782814.077,280537.041,341666.529,484269.982,913812.944,1107631.270,567627.069,414629.725,286368.516,425799.189,351535.707,696067.990,140276.982
235,1518934462,437,10965.536,436,435,434,433,432,431,430,437,438,439,440,441,442,443,366953.824,785096.619,280537.041,341666.529,484269.982,913812.944,1107631.270,585010.381,414629.725,286368.516,425799.189,351535.707,696067.990,140276.982
236,1518934464,437,10965.536,436,435,434,433,432,431,430,437,438,439,440,441,442,443,366953.824,785096.619,280537.041,341666.529,484269.982,913812.944,1107631.270,585160.381,415088.178,285038.516,425799.189,351535.707,696067.990,140276.982
237,1518934466,437,10965.536,436,435,434,433,432,431,430,437,438,439,440,441,442,443,355519.799,784796.619,280537.041,341666.529,484269.982,913812.944,1107631.270,585160.381,415088.178,285038.516,425799.189,351535.707,696067.990,140276.982
238,1518934467,437,4000.000,436,435,434,433,432,431,430,437,438,439,440,441,442,443,338334.781,733126.801,280537.041,341666.529,484269.982,913812.944,1107631.270,585680.291,415088.178,285038.516,426257.642,351535.707,696067.990,140276.982
239,1518934469,437,10691.069,436,435,434,433,432,431,430,437,438,439,440,441,442,443,338334.781,733126.801,280537.041,341666.529,484269.982,913812.944,1107631.270,561306.946,407352.002,285038.516,426257.642,351535.707,696067.990,140276.982
240,1518934470,437,18361.437,436,435,434,433,432,431,430,437,438,439,440,441,442,443,332534.781,733126.801,280537.041,341666.529,484269.982,913812.944,1107284.975,561306.946,407352.002,285038.516,426257.642,351535.707,696067.990,140276.982
241,1518934472,437,144.594,436,435,434,433,432,431,430,437,438,439,440,441,442,443,327534.781,733126.801,280537.041,341666.529,484269.982,913812.944,1107284.975,540704.516,407352.002,285038.516,426257.642,351535.707,696067.990,140276.982
242,1518934473,437,6394.668,436,435,434,433,432,431,430,437,438,439,440,441,442,443,263055.750,733126.801,280537.041,341666.529,484269.982,913387.650,1107284.975,534309.848,415425.375,285038.516,426257.642,351535.707,696067.990,140276.982
243,1518934475,437,6394.668,436,435,434,433,432,431,430,437,438,439,440,441,442,443,323055.750,640025.397,280537.041,341666.529,484269.982,913387.650,1107284.975,541309.848,415425.375,285038.516,426257.642,351535.707,696067.990,140276.982
244,1518934476,437,2104.067,436,435,434,433,432,431,430,437,438,439,440,441,442,443,323590.354,648349.254,280537.041,341666.529,484269.982,913387.650,1109892.432,536783.209,415425.375,285038.516,426257.642,351535.707,696067.990,140276.982
245,1518934478,437,9634.636,436,435,434,433,432,431,430,437,438,439,440,441,442,443,291449.606,648349.254,280537.041,341666.529,484269.982,913387.650,1109892.432,525044.506,415425.375,285038.516,426257.642,351535.707,696067.990,140276.982
246,1518934480,437,1049.984,436,435,434,433,432,431,430,437,438,439,440,441,442,443,299359.370,648349.254,279384.967,340511.794,483112.575,913387.650,1109892.432,534251.251,415425.375,285038.516,426257.642,351535.707,696067.990,140276.982
247,1518934481,437,4516.089,436,435,434,433,432,431,430,437,438,439,440,441,442,443,313940.616,648349.254,279615.382,340511.794,483112.575,913387.650,1109892.432,447998.463,415425.375,285038.516,426257.642,351535.707,696067.990,140276.982
248,1518934483,437,12365.296,436,435,434,433,432,431,430,437,438,439,440,441,442,443,309998.520,648349.254,279615.382,340511.794,483112.575,894550.927,1109675.694,436488.932,423161.550,285038.516,426257.642,351535.707,696067.990,140276.982
249,1518934484,437,12365.296,436,435,434,433,432,431,430,437,438,439,440,441,442,443,309998.520,648349.254,279615.382,340511.794,483112.575,894550.927,1108394.137,370855.112,423161.550,285038.516,426257.642,351535.707,696067.990,140276.982
250,1518934486,436,10157.822,436,435,434,433,432,431,430,437,438,439,440,441,442,443,276839.778,647943.360,279615.382,340511.794,483112.575,894298.739,1108141.111,370855.112,423161.550,286212.022,426257.642,351535.707,696067.990,140276.982
251,1518934487,436,10157.822,436,435,434,433,432,431,430,437,438,439,440,441,442,443,276839.778,647943.360,279615.382,340511.794,483112.575,894298.739,1108141.111,354708.367,423161.550,286212.022,426257.642,351535.707,696067.990,140276.982
252,1518934489,436,22877.205,436,435,434,433,432,431,430,437,438,439,440,441,442,443,194207.466,647943.360,279615.382,340511.794,494278.014,894083.838,1108141.111,475436.694,423161.550,286212.022,426257.642,351535.707,696067.990,140276.982
253,1518934490,436,22877.205,436,435,434,433,432,431,430,437,438,439,440,441,442,443,194636.824,626049.149,279615.382,340511.794,494278.014,894083.838,1108141.111,470266.668,423161.550,286212.022,426257.642,351535.707,696067.990,140276.982
254,1518934492,436,18130.451,436,435,434,433,432,431,430,437,438,439,440,441,442,443,191546.984,626049.149,279615.382,340511.794,494278.014,894083.838,1098139.316,462311.877,423161.550,286212.022,426257.642,351535.707,696067.990,140276.982
255,1518934493,436,37824.342,436,435,434,433,432,431,430,437,438,439,440,441,442,443,174407.611,626049.149,279615.382,340511.794,494278.014,894083.838,1098139.316,442311.877,423161.550,286212.022,426257.642,351535.707,696067.990,140276.982
256,1518934495,436,37824.342,436,435,434,433,432,431,430,437,438,439,440,441,442,443,147607.411,584596.016,279615.382,340511.794,494278.014,907179.591,1098139.316,442311.877,423161.550,286212.022,426257.642,351535.707,696067.990,140276.982
257,1518934497,437,1000.000,436,435,434,433,432,431,430,437,438,439,440,441,442,443,140883.973,584840.875,231772.967,333583.388,529077.281,907179.591,1098392.715,441311.877,418684.807,286212.022,423257.642,351535.707,696067.990,140276.982
258,1518934498,437,1000.000,436,435,434,433,432,431,430,437,438,439,440,441,442,443,146778.274,585639.508,231772.967,333583.388,529077.281,907179.591,1098392.715,429444.653,418684.807,286212.022,423257.642,351535.707,696067.990,140276.982
259,1518934500,437,1000.000,436,435,434,433,432,431,430,437,438,439,440,441,442,443,168816.659,585639.508,231772.967,332741.250,528233.194,909499.777,1098392.715,432998.492,418684.807,286212.022,423257.642,351535.707,696067.990,140276.982
260,1518934501,437,4708.417,436,435,434,433,432,431,430,437,438,439,440,441,442,443,177842.317,585639.508,231772.967,351490.968,528233.194,909499.777,1091415.970,428290.075,418684.807,286212.022,423257.642,351535.707,696067.990,140276.982
261,1518934503,437,8486.610,436,435,434,433,432,431,430,437,438,439,440,441,442,443,177957.317,595526.340,232299.790,351607.296,528233.194,909499.777,1091415.970,433417.866,418684.807,286212.022,435357.438,351535.707,696067.990,140276.982
262,1518934505,437,212.443,436,435,434,433,432,431,430,437,438,439,440,441,442,443,217106.159,642958.772,232515.492,351607.296,527762.200,909499.777,1091245.172,434205.423,418684.807,286212.022,435357.438,351535.707,696067.990,140276.982
263,1518934506,437,212.443,436,435,434,433,432,431,430,437,438,439,440,441,442,443,218728.861,643158.772,232515.492,350192.333,527762.200,909499.777,1091245.172,434205.423,418684.807,284212.022,435357.438,351535.707,696067.990,140276.982
264,1518934508,437,2299.820,436,435,434,433,432,431,430,437,438,439,440,441,442,443,222740.406,644686.396,232515.492,350192.333,527762.200,909499.777,1091245.172,431905.602,418684.807,284212.022,435357.438,411535.707,696067.990,140276.982
265,1518934509,437,374.010,436,435,434,433,432,431,430,437,438,439,440,441,442,443,222740.406,647336.396,232515.492,350192.333,527762.200,909499.777,1091245.172,433359.424,418684.807,284212.022,435357.438,411535.707,696067.990,140276.982
266,1518934511,437,168.062,436,435,434,433,432,431,430,437,438,439,440,441,442,443,225525.472,647586.396,233101.346,350192.333,531708.166,909499.777,1088245.172,317739.544,418684.807,284212.022,409884.940,411535.707,696067.990,140276.982
267,1518934513,437,168.062,436,435,434,433,432,431,430,437,438,439,440,441,442,443,241014.427,647586.396,232801.346,350192.333,531708.166,909499.777,1084211.605,317739.544,418684.807,284212.022,409884.940,411535.707,696067.990,140276.982
268,1518934514,436,1500.000,436,435,434,433,432,431,430,437,438,439,440,441,442,443,242230.789,647586.396,231801.346,349192.333,531708.166,909499.777,1084211.605,317739.544,418684.807,284212.022,409884.940,411535.707,696067.990,140276.982
269,1518934516,436,1500.000,436,435,434,433,432,431,430,437,438,439,440,441,442,443,242230.789,655889.090,231801.346,349192.333,533596.969,909499.777,1084211.605,317739.544,418684.807,284212.022,409884.940,411535.707,696067.990,140276.982
270,1518934517,436,122.858,436,435,434,433,432,431,430,437,438,439,440,441,442,443,242680.597,645289.041,228938.007,349192.333,533596.969,909499.777,1084211.605,317739.544,418684.807,284212.022,409884.940,411535.707,696067.990,140276.982
271,1518934519,437,1588.731,436,435,434,433,432,431,430,437,438,439,440,441,442,443,246680.597,646445.491,228938.007,349192.333,532947.495,909499.777,1086575.518,320713.210,418684.807,284212.022,409426.487,414911.696,696067.990,140276.982
272,1518934520,437,1588.731,436,435,434,433,432,431,430,437,438,439,440,441,442,443,256395.648,649874.478,228938.007,349192.333,529116.138,909499.777,1086575.518,346713.822,418684.807,284212.022,409426.487,414911.696,696067.990,140276.982
273,1518934522,437,1588.731,436,435,434,433,432,431,430,437,438,439,440,441,442,443,256395.648,671314.933,228938.007,353078.965,529116.138,909499.777,1086575.518,346713.822,418684.807,284212.022,409426.487,414911.696,696067.990,140276.982
274,1518934524,437,487.722,436,435,434,433,432,431,430,437,438,439,440,441,442,443,256234.999,672086.473,228938.007,353078.965,529116.138,909499.777,1086575.518,351635.673,418684.807,284212.022,409426.487,414911.696,696067.990,140276.982
275,1518934525,437,2754.680,436,435,434,433,432,431,430,437,438,439,440,441,442,443,284732.777,684641.762,228938.007,353726.939,529116.138,909499.777,1086444.769,362438.431,418684.807,289805.426,409426.487,420923.032,696067.990,140276.982
276,1518934526,437,2754.680,436,435,434,433,432,431,430,437,438,439,440,441,442,443,288623.454,684641.762,228938.007,353726.939,529116.138,906212.154,1096446.564,360142.205,418684.807,289805.426,408312.283,420923.032,696067.990,140276.982
277,1518934528,436,1069.159,436,435,434,433,432,431,430,437,438,439,440,441,442,443,290324.530,684641.762,228938.007,353726.939,529116.138,906212.154,1096446.564,360142.205,418684.807,289805.426,408312.283,420923.032,696067.990,140276.982
278,1518934530,437,487.722,436,435,434,433,432,431,430,437,438,439,440,441,442,443,287718.616,684641.762,228938.007,354302.352,529116.138,906212.154,1096446.564,360142.205,418684.807,289805.426,408312.283,420923.032,696067.990,140276.982
279,1518934531,437,487.722,436,435,434,433,432,431,430,437,438,439,440,441,442,443,278399.979,684411.877,228938.007,354302.352,529116.138,906212.154,1096446.564,356679.038,418684.807,289805.426,408312.283,420923.032,696067.990,140276.982
280,1518934533,437,259.366,436,435,434,433,432,431,430,437,438,439,440,441,442,443,282968.018,683640.336,228938.007,349875.815,529116.138,906212.154,1096446.564,356679.038,418684.807,289805.426,408312.283,420923.032,696067.990,140276.982
281,1518934534,437,259.366,436,435,434,433,432,431,430,437,438,439,440,441,442,443,284672.361,682913.603,228938.007,349875.815,529116.138,906212.154,1096638.310,356419.672,418684.807,289805.426,408312.283,420923.032,696067.990,140276.982
282,1518934536,437,259.366,436,435,434,433,432,431,430,437,438,439,440,441,442,443,296844.992,682913.603,228938.007,349875.815,529116.138,906212.154,1091638.310,356769.672,418684.807,289805.426,408312.283,410923.032,696067.990,140276.982
283,1518934538,436,961.556,436,435,434,433,432,431,430,437,438,439,440,441,442,443,296844.992,682913.603,228938.007,349875.815,529116.138,906212.154,1091638.310,358375.193,418684.807,289805.426,408312.283,410923.032,696067.990,140276.982
284,1518934540,437,234.830,436,435,434,433,432,431,430,437,438,439,440,441,442,443,311977.180,682913.603,228938.007,349875.815,529116.138,906212.154,1091638.310,588409.830,418684.807,289805.426,408312.283,410923.032,696067.990,140276.982
285,1518934541,437,2267.905,436,435,434,433,432,431,430,437,438,439,440,441,442,443,311977.180,683685.143,228938.007,349875.815,529116.138,906212.154,1091638.310,588175.000,418684.807,289805.426,408312.283,410923.032,696067.990,140276.982
286,1518934542,436,1514.145,436,435,434,433,432,431,430,437,438,439,440,441,442,443,314274.033,679676.796,228938.007,349875.815,529116.138,906212.154,1091638.310,585907.095,418684.807,289805.426,408312.283,410923.032,696067.990,140276.982
287,1518934544,436,2627.902,436,435,434,433,432,431,430,437,438,439,440,441,442,443,313559.209,679676.796,228938.007,351356.875,529116.138,906212.154,1091638.310,587933.953,418684.807,289805.426,408312.283,424323.032,696067.990,140276.982
288,1518934545,436,3801.806,436,435,434,433,432,431,430,437,438,439,440,441,442,443,282161.871,679676.796,228938.007,351356.875,529116.138,906212.154,1091638.310,588465.000,413227.356,289805.426,408312.283,424323.032,696067.990,140276.982
289,1518934547,436,6664.072,436,435,434,433,432,431,430,437,438,439,440,441,442,443,161501.593,679676.796,228938.007,351356.875,529116.138,906212.154,1091638.310,588465.000,413227.356,289805.426,408312.283,444323.032,696067.990,140276.982
290,1518934549,436,5434.340,436,435,434,433,432,431,430,437,438,439,440,441,442,443,153982.702,676676.796,228938.007,351356.875,529116.138,905280.807,1091638.310,574743.670,413227.356,289805.426,408312.283,444323.032,696067.990,140276.982
291,1518934550,436,3000.000,435,434,433,432,431,430,429,436,437,438,439,440,441,442,685832.643,232751.709,351356.875,529116.138,905280.807,1091638.310,282630.959,7548.326,562477.745,413227.356,289805.426,408312.283,444323.032,696067.990
292,1518934552,436,21040.620,435,434,433,432,431,430,429,436,437,438,439,440,441,442,701735.107,232751.709,351356.875,529116.138,905280.807,1091638.310,282630.959,4053.374,562477.745,413227.356,288631.921,408312.283,444323.032,696067.990
293,1518934553,436,21040.620,435,434,433,432,431,430,429,436,437,438,439,440,441,442,701735.107,173477.413,351356.875,530316.138,905280.807,1101438.310,282630.959,5045.632,562477.745,413227.356,288631.921,408312.283,444323.032,696067.990
294,1518934555,436,21040.620,435,434,433,432,431,430,429,436,437,438,439,440,441,442,696735.107,173477.413,351356.875,530316.138,907415.965,1101438.310,282630.959,5045.632,539215.146,405491.181,288631.921,408312.283,444323.032,696067.990
295,1518934556,436,687.730,435,434,433,432,431,430,429,436,437,438,439,440,441,442,696735.107,173597.413,351356.875,533222.098,907415.965,1101438.310,282630.959,4357.902,539215.146,289810.530,288631.921,408312.283,444323.032,696067.990
296,1518934558,436,579.777,435,434,433,432,431,430,429,436,437,438,439,440,441,442,699629.044,174684.824,351815.591,533222.098,907415.965,1102335.636,283567.256,205.158,539338.695,289810.530,288631.921,408312.283,444323.032,696067.990
297,1518934559,436,205.158,436,435,434,433,432,431,430,437,438,439,440,441,442,443,42771.376,699629.044,174684.824,422632.155,533222.098,907415.965,1105335.636,539338.695,289810.530,288631.921,408312.283,444323.032,696067.990,140276.982
298,1518934561,436,1390.822,436,435,434,433,432,431,430,437,438,439,440,441,442,443,41380.554,699169.504,174684.824,429421.797,533222.098,907415.965,1104868.851,536365.029,289810.530,288631.921,408312.283,444323.032,696067.990,140276.982
299,1518934563,436,30435.340,435,434,433,432,431,430,429,436,437,438,439,440,441,442,699169.504,174684.824,429421.797,533222.098,907415.965,1104868.851,283567.256,54040.559,529365.029,289810.530,288631.921,408312.283,444323.032,696067.990
300,1518934564,436,500.000,435,434,433,432,431,430,429,436,437,438,439,440,441,442,699169.504,174684.824,429421.797,533222.098,907415.965,1107527.482,283567.256,20664.731,529365.029,289810.530,288631.921,408312.283,444323.032,696067.990
301,1518934566,436,594.408,435,434,433,432,431,430,429,436,437,438,439,440,441,442,699169.504,174684.824,429421.797,532922.098,908265.589,1107527.482,283567.256,19799.857,529365.029,289810.530,288631.921,408312.283,444323.032,696067.990
302,1518934569,435,386.767,435,434,433,432,431,430,429,436,437,438,439,440,441,442,690347.753,174684.824,429421.797,532922.098,907775.542,1107527.482,283567.256,39222.082,470167.787,289810.530,288631.921,408312.283,444323.032,696067.990
303,1518934571,435,10109.054,435,434,433,432,431,430,429,436,437,438,439,440,441,442,689960.986,174684.824,429421.797,532922.098,905375.623,1107527.482,283567.256,40182.789,470167.787,289810.530,288631.921,408312.283,444323.032,696067.990
304,1518934572,436,700.000,435,434,433,432,431,430,429,436,437,438,439,440,441,442,679851.933,174684.824,429421.797,539369.025,905375.623,1107527.482,283567.256,44041.644,466944.628,289810.530,288631.921,408312.283,444323.032,696067.990
305,1518934573,436,700.000,435,434,433,432,431,430,429,436,437,438,439,440,441,442,669847.388,174684.824,429421.797,539369.025,905375.623,1107527.482,283567.256,44041.644,466944.628,289810.530,288631.921,408312.283,444323.032,696067.990
306,1518934575,436,700.000,435,434,433,432,431,430,429,436,437,438,439,440,441,442,666042.544,174684.824,429421.797,539369.025,905375.623,1107527.482,283567.256,52798.065,465944.628,289810.530,288631.921,408312.283,444323.032,696067.990
307,1518934577,436,2253.349,435,434,433,432,431,430,429,436,437,438,439,440,441,442,667314.202,172935.136,431993.359,539369.025,905375.623,1107527.482,283567.256,109485.575,465944.628,289810.530,288631.921,408312.283,444323.032,696067.990
308,1518934578,436,459.482,435,434,433,432,431,430,429,436,437,438,439,440,441,442,665287.858,172935.136,431993.359,539633.173,905375.623,1107527.482,283567.256,107861.495,463917.770,289810.530,288631.921,408312.283,444015.673,696067.990
309,1518934580,436,6212.831,435,434,433,432,431,430,429,436,437,438,439,440,441,442,644347.403,172935.136,431993.359,556898.483,905375.623,1107527.482,283567.256,87861.495,470868.393,289810.530,288631.921,408312.283,444015.673,696067.990
310,1518934582,436,6212.831,435,434,433,432,431,430,429,436,437,438,439,440,441,442,644944.806,173085.136,431993.359,556898.483,905375.623,1107527.482,283567.256,95632.689,470868.393,289810.530,288631.921,408312.283,444015.673,696067.990
311,1518934583,436,7771.194,435,434,433,432,431,430,429,437,438,439,440,441,442,443,612750.398,173085.136,431993.359,522229.216,905375.623,1107527.482,283567.256,470868.393,289810.530,288631.921,408312.283,444015.673,696067.990,140276.982
312,1518934584,436,7771.194,435,434,433,432,431,430,429,436,437,438,439,440,441,442,612750.398,167085.136,431993.359,522229.216,905375.623,1116194.509,282630.959,2375.040,476701.650,289810.530,288631.921,408312.283,444015.673,696067.990
313,1518934586,436,792.909,435,434,433,432,431,430,429,436,437,438,439,440,441,442,612750.398,167085.136,431993.359,522229.216,905375.623,1116194.509,282630.959,26273.192,476701.650,289810.530,288631.921,408312.283,444015.673,696067.990
314,1518934588,436,792.909,435,434,433,432,431,430,429,436,437,438,439,440,441,442,612750.398,167085.136,431993.359,522229.216,905375.623,1116194.509,282630.959,37886.641,476701.650,289810.530,288631.921,408312.283,444015.673,696067.990
315,1518934589,436,792.909,435,434,433,432,431,430,429,436,437,438,439,440,441,442,634490.896,167085.136,466712.258,522229.216,905375.623,1116194.509,282630.959,37886.641,486240.841,289810.530,288631.921,408312.283,444015.673,696067.990
316,1518934591,436,792.909,435,434,433,432,431,430,429,436,437,438,439,440,441,442,640017.467,167085.136,470242.243,522229.216,905375.623,1116194.509,282630.959,65367.707,486240.841,289810.530,343631.921,408312.283,444015.673,696067.990
317,1518934592,436,792.909,435,434,433,432,431,430,429,436,437,438,439,440,441,442,633722.636,167085.136,470242.243,522229.216,905375.623,1116194.509,281590.850,65367.707,486240.841,289810.530,343631.921,408312.283,444015.673,696067.990
318,1518934594,436,792.909,435,434,433,432,431,430,429,436,437,438,439,440,441,442,633722.636,167085.136,470242.243,522479.216,905375.623,1116194.509,281590.850,65367.707,486240.841,289810.530,343631.921,408312.283,444015.673,696067.990
319,1518934595,436,917.431,435,434,433,432,431,430,429,436,437,438,439,440,441,442,625419.941,177157.584,470242.243,522479.216,905375.623,1116194.509,281590.850,64450.276,490717.585,289810.530,343631.921,408312.283,444015.673,696067.990
320,1518934597,436,5835.299,435,434,433,432,431,430,429,436,437,438,439,440,441,442,625419.941,177157.584,470242.243,522479.216,907080.703,1116194.509,281590.850,65764.636,490717.585,289810.530,343631.921,408312.283,444015.673,696067.990
321,1518934598,436,677.723,435,434,433,432,431,430,429,436,437,438,439,440,441,442,625419.941,177157.584,470242.243,522479.216,907080.703,1108806.552,281590.850,59264.636,490717.585,289810.530,343631.921,408312.283,444015.673,696067.990
322,1518934600,436,677.723,435,434,433,432,431,430,429,436,437,438,439,440,441,442,634251.176,177157.584,470242.243,525499.831,907080.703,1108806.552,281590.850,58586.913,490717.585,289810.530,343631.921,408312.283,444015.673,696067.990
323,1518934601,436,677.723,435,434,433,432,431,430,429,436,437,438,439,440,441,442,634251.176,177157.584,479538.164,525499.831,907080.703,1108935.132,281590.850,58586.913,490717.585,289810.530,343631.921,408312.283,444015.673,696067.990
324,1518934603,436,1949.278,435,434,433,432,431,430,429,436,437,438,439,440,441,442,634251.176,177273.584,476538.164,525499.831,907080.703,1108935.132,281590.850,82629.168,490717.585,289810.530,343631.921,408465.962,444015.673,696067.990
325,1518934605,436,1000.000,435,434,433,432,431,430,429,436,437,438,439,440,441,442,634251.176,177273.584,476538.164,605843.261,907080.703,1108935.132,281590.850,79121.261,490717.585,289810.530,343631.921,408465.962,444015.673,696067.990
326,1518934606,436,1000.000,435,434,433,432,431,430,429,436,437,438,439,440,441,442,634136.176,179194.699,476676.732,605843.261,907080.703,1108935.132,281590.850,76829.683,490717.585,289810.530,343631.921,408465.962,444015.673,696067.990
327,1518934607,436,2420.000,435,434,433,432,431,430,429,436,437,438,439,440,441,442,631636.187,179394.699,479184.053,599070.279,907080.703,1108935.132,281590.850,106579.467,533407.813,289810.530,367376.618,408465.962,444015.673,696067.990
328,1518934609,436,1789.696,435,434,433,432,431,430,429,436,437,438,439,440,441,442,641645.734,179394.699,479184.053,599070.279,907080.703,1108935.132,281590.850,125580.814,533407.813,289810.530,367376.618,408465.962,444015.673,696067.990
329,1518934611,436,200.000,435,434,433,432,431,430,429,436,437,438,439,440,441,442,734260.418,179394.699,479184.053,599070.279,907080.703,1108935.132,281590.850,159871.839,533407.813,289810.530,367376.618,408465.962,444015.673,696067.990
330,1518934612,436,200.000,435,434,433,432,431,430,429,436,437,438,439,440,441,442,734398.349,179394.699,481677.726,599070.279,907080.703,1108935.132,281590.850,158367.252,533407.813,349810.530,367376.618,408465.962,444015.673,696067.990
331,1518934614,435,787.500,435,434,433,432,431,430,429,436,437,438,439,440,441,442,729392.229,179394.699,481677.726,599070.279,907080.703,1115935.132,281590.850,166604.569,566065.241,349810.530,367376.618,408465.962,444015.673,696067.990
332,1518934615,435,787.500,435,434,433,432,431,430,429,436,437,438,439,440,441,442,729974.591,179394.699,481677.726,598920.279,906580.703,1115935.132,281590.850,166779.569,607049.196,349810.530,367376.618,408465.962,444015.673,696067.990
333,1518934617,436,422.018,435,434,433,432,431,430,429,436,437,438,439,440,441,442,729974.591,179394.699,481677.726,598920.279,906580.703,1115935.132,281590.850,166590.788,607049.196,349810.530,367376.618,408465.962,444015.673,696067.990
334,1518934618,435,3733.270,435,434,433,432,431,430,429,436,437,438,439,440,441,442,741025.584,179516.699,481677.726,598920.279,906580.703,1115935.132,252390.241,167376.340,607049.196,349810.530,367376.618,408465.962,444015.673,696067.990
335,1518934620,435,1304.587,435,434,433,432,431,430,429,436,437,438,439,440,441,442,737292.314,179516.699,481677.726,598920.279,906580.703,1115935.132,252390.241,181410.419,592049.196,349810.530,367376.618,408465.962,444015.673,696067.990
336,1518934621,435,1304.587,435,434,433,432,431,430,429,436,437,438,439,440,441,442,720543.547,179516.699,481677.726,598920.279,906580.703,1115935.132,252390.241,193775.715,592049.196,349810.530,367376.618,408465.962,444015.673,696067.990
337,1518934623,435,1304.587,435,434,433,432,431,430,429,436,437,438,439,440,441,442,721706.177,208380.896,481677.726,598920.279,907002.703,1115935.132,252390.241,194775.715,592049.196,350010.530,367376.618,408465.962,444015.673,696067.990
338,1518934625,435,1620.526,435,434,433,432,431,430,429,436,437,438,439,440,441,442,726706.177,217689.997,481677.726,598920.279,907002.703,1115935.132,252390.241,209775.715,589851.033,350010.530,367376.618,408465.962,444015.673,696067.990
339,1518934626,435,692.009,435,434,433,432,431,430,429,436,437,438,439,440,441,442,725085.651,217689.997,481677.726,598920.279,907002.703,1116057.132,252390.241,208885.038,589851.033,350010.530,367376.618,408465.962,444015.673,696067.990
340,1518934628,435,3678.161,435,434,433,432,431,430,429,436,437,438,439,440,441,442,724246.197,300254.648,483677.726,598920.279,907002.703,1116057.132,252390.241,208885.038,594020.353,350010.530,367376.618,408465.962,444015.673,696067.990
341,1518934629,435,3678.161,435,434,433,432,431,430,429,436,437,438,439,440,441,442,715792.810,300254.648,483677.726,602950.875,907002.703,1116057.132,252390.241,210080.847,594020.353,350010.530,367376.618,408465.962,444015.673,696067.990
342,1518934631,436,317.802,435,434,433,432,431,430,429,436,437,438,439,440,441,442,718292.810,301799.207,483677.726,602950.875,907002.703,1116057.132,252390.241,210208.383,594020.353,349810.530,367376.618,408465.962,444015.673,696067.990
343,1518934632,436,317.802,435,434,433,432,431,430,429,436,437,438,439,440,441,442,718292.810,301799.207,483677.726,602950.875,907795.952,1116057.132,252390.241,210208.383,594020.353,349810.530,367376.618,408465.962,444015.673,696067.990
344,1518934634,436,229.885,435,434,433,432,431,430,429,436,437,438,439,440,441,442,718592.810,289651.129,483677.726,601907.119,907795.952,1114863.661,252390.241,218107.337,594020.353,349810.530,367376.618,408465.962,444015.673,696067.990
345,1518934636,435,510.267,435,434,433,432,431,430,429,436,437,438,439,440,441,442,718592.810,289651.129,483677.726,601907.119,907795.952,1114863.661,252390.241,218685.219,594745.353,349810.530,367376.618,408465.962,444015.673,696067.990
346,1518934637,436,6766.722,435,434,433,432,431,430,429,436,437,438,439,440,441,442,718082.543,289651.129,483677.726,601907.119,909795.952,1114863.661,252390.241,195495.856,594745.353,350924.734,367376.618,408465.962,444015.673,696067.990
347,1518934639,436,6766.722,435,434,433,432,431,430,429,436,437,438,439,440,441,442,730835.502,289651.129,499401.342,601907.119,909795.952,1114863.661,252390.241,195495.856,615766.690,350924.734,367376.618,408465.962,444015.673,696067.990
348,1518934640,436,6766.722,435,434,433,432,431,430,429,436,437,438,439,440,441,442,729835.502,289651.129,499401.342,601907.119,914795.952,1114863.661,252390.241,213192.900,615966.690,350924.734,367376.618,408465.962,444015.673,696067.990
349,1518934642,436,6766.722,435,434,433,432,431,430,429,436,437,438,439,440,441,442,754452.320,291916.660,499401.342,601907.119,914795.952,1116839.420,252390.241,230261.723,642156.178,350924.734,367376.618,408465.962,444015.673,696067.990
350,1518934643,436,168.775,435,434,433,432,431,430,429,436,437,438,439,440,441,442,766572.472,291916.660,497371.041,601907.119,914795.952,1116839.420,252390.241,343647.485,642156.178,350924.734,367376.618,408465.962,444015.673,696067.990
351,1518934645,436,168.775,435,434,433,432,431,430,429,436,437,438,439,440,441,442,763567.139,293493.288,496786.578,601907.119,914795.952,1116839.420,252390.241,355588.522,627395.591,350924.734,367376.618,408465.962,444015.673,696067.990
352,1518934646,435,14106.258,435,434,433,432,431,430,429,436,437,438,439,440,441,442,765419.318,293493.288,496786.578,601907.119,914795.952,1116839.420,260390.241,355588.522,622895.591,350924.734,367376.618,408465.962,444015.673,696067.990
353,1518934648,435,14106.258,435,434,433,432,431,430,429,436,437,438,439,440,441,442,751313.060,293493.288,496786.578,601907.119,914795.952,1116839.420,260740.241,352399.618,622895.591,350924.734,367376.618,408465.962,444015.673,696067.990
354,1518934650,436,1685.639,435,434,433,432,431,430,429,436,437,438,439,440,441,442,751313.060,293493.288,496786.578,604221.934,914795.952,1116839.420,260740.241,363336.414,622895.591,353671.772,367376.618,408465.962,444015.673,696067.990
355,1518934651,436,1685.639,435,434,433,432,431,430,429,436,437,438,439,440,441,442,754313.060,294184.533,496786.578,604221.934,914795.952,1116839.420,260740.241,334601.609,622895.591,353671.772,367376.618,408465.962,444015.673,696067.990
356,1518934652,436,1000.000,435,434,433,432,431,430,429,436,437,438,439,440,441,442,753442.690,294184.533,428340.419,604221.934,914795.952,1116839.420,260740.241,333601.609,622895.591,353671.772,367376.618,408465.962,444015.673,696067.990
357,1518934654,436,3626.920,435,434,433,432,431,430,429,436,437,438,439,440,441,442,756507.750,294184.533,428340.419,604221.934,914795.952,1116839.420,260740.241,330974.688,622895.591,353671.772,367376.618,408465.962,444015.673,696067.990
358,1518934656,436,3626.920,435,434,433,432,431,430,429,436,437,438,439,440,441,442,757972.826,294184.533,428340.419,604909.663,914795.952,1116839.420,260740.241,330974.688,622895.591,353671.772,367376.618,408465.962,444015.673,696067.990
359,1518934657,436,3626.920,435,434,433,432,431,430,429,436,437,438,439,440,441,442,758122.826,294184.533,428340.419,604909.663,914795.952,1116839.420,260740.241,330974.688,622895.591,353671.772,367376.618,408465.962,444015.673,696067.990
360,1518934659,436,3626.920,435,434,433,432,431,430,429,436,437,438,439,440,441,442,758122.826,301348.239,428340.419,607285.554,915902.881,1116839.420,260740.241,330974.688,622895.591,353671.772,367376.618,408465.962,444015.673,696067.990
361,1518934660,436,3626.920,435,434,433,432,431,430,429,436,437,438,439,440,441,442,758528.719,301348.239,419733.771,604290.554,915902.881,1116839.420,260740.241,330974.688,622895.591,353671.772,367376.618,408465.962,444015.673,696067.990
362,1518934662,436,488.841,435,434,433,432,431,430,429,436,437,438,439,440,441,442,828858.013,305348.239,419733.771,600259.958,915902.881,1101336.536,260740.241,313059.560,622895.591,353671.772,367376.618,408465.962,444015.673,696067.990
363,1518934663,436,488.841,435,434,433,432,431,430,429,436,437,438,439,440,441,442,829006.277,305348.239,419044.499,600259.958,915902.881,1101336.536,260740.241,381786.897,590238.164,353671.772,367376.618,408465.962,444015.673,696067.990
364,1518934665,435,2000.000,435,434,433,432,431,430,429,436,437,438,439,440,441,442,840470.922,305348.239,419044.499,600259.958,915902.881,1101336.536,260740.241,381562.271,578069.819,353671.772,367376.618,408465.962,444015.673,696067.990
365,1518934666,436,488.841,435,434,433,432,431,430,429,436,437,438,439,440,441,442,840629.898,308455.448,419044.499,600259.958,915902.881,1101336.536,260740.241,360771.228,582616.256,353671.772,367376.618,408465.962,444015.673,696067.990
366,1518934668,436,488.841,435,434,433,432,431,430,429,436,437,438,439,440,441,442,844982.696,301291.742,419044.499,600259.958,915902.881,1101336.536,260740.241,359793.547,582616.256,353671.772,367376.618,408465.962,444015.673,696067.990
367,1518934670,436,488.841,435,434,433,432,431,430,429,436,437,438,439,440,441,442,844982.696,301291.742,419044.499,597239.344,928022.881,1101336.536,260740.241,359304.706,582616.256,353671.772,367376.618,408465.962,444015.673,696067.990
368,1518934671,436,2464.905,435,434,433,432,431,430,429,436,437,438,439,440,441,442,844161.002,301291.742,419544.499,597239.344,928022.881,1101336.536,260740.241,356839.801,582616.256,353671.772,367376.618,408465.962,444015.673,696067.990
369,1518934673,436,114.794,435,434,433,432,431,430,429,436,437,438,439,440,441,442,849964.457,301291.742,419544.499,612670.454,928022.881,1101336.536,263071.243,356350.960,582616.256,353671.772,367376.618,408465.962,444015.673,696067.990
370,1518934674,436,488.841,435,434,433,432,431,430,429,436,437,438,439,440,441,442,849964.457,301291.742,419544.499,613174.279,928022.881,1101336.536,263071.243,347736.166,582616.256,353671.772,367376.618,408465.962,444015.673,696067.990
371,1518934676,436,8186.291,435,434,433,432,431,430,429,436,437,438,439,440,441,442,849964.457,281291.742,419544.499,613174.279,928022.881,1101336.536,263071.243,354707.779,582616.256,350924.734,367376.618,408465.962,444015.673,696067.990
372,1518934678,436,8186.291,435,434,433,432,431,430,429,436,437,438,439,440,441,442,849964.457,281121.146,419544.499,613174.279,928022.881,1101336.536,263071.243,354707.779,615273.684,350924.734,367376.618,408465.962,444015.673,696067.990
373,1518934679,436,488.841,435,434,433,432,431,430,429,436,437,438,439,440,441,442,849964.457,281121.146,419544.499,613174.279,928022.881,1101336.536,263071.243,347673.883,615273.684,350924.734,367376.618,408465.962,444145.673,696067.990
374,1518934681,436,488.841,435,434,433,432,431,430,429,436,437,438,439,440,441,442,849964.457,281808.830,419164.499,613174.279,928254.899,1101336.536,263071.243,336134.323,616569.742,350924.734,367376.618,408465.962,444145.673,696067.990
375,1518934682,436,6871.012,435,434,433,432,431,430,429,436,437,438,439,440,441,442,851964.457,285015.524,419164.499,613174.279,928254.899,1101336.536,263071.243,325880.278,616569.742,350924.734,367376.618,408465.962,444145.673,696067.990
376,1518934684,436,6871.012,435,434,433,432,431,430,429,436,437,438,439,440,441,442,871918.480,286940.958,420320.499,613174.279,928254.899,1101336.536,263071.243,325880.278,616569.742,350924.734,367376.618,408465.962,444145.673,696067.990
377,1518934685,436,6368.927,435,434,433,432,431,430,429,436,437,438,439,440,441,442,871918.480,288846.075,420320.499,613674.279,928254.899,1101336.536,263071.243,325880.278,616569.742,350924.734,367376.618,408465.962,444145.673,696067.990
378,1518934687,436,488.841,435,434,433,432,431,430,429,436,437,438,439,440,441,442,872685.501,288846.075,420320.499,613674.279,928254.899,1109889.710,263071.243,325213.166,616569.742,350924.734,371242.618,408465.962,444145.673,696067.990
379,1518934688,435,487.722,435,434,433,432,431,430,429,436,437,438,439,440,441,442,875135.398,289105.162,420320.499,613674.279,928254.899,1109889.710,263071.243,333810.048,616769.742,350924.734,371242.618,408465.962,444145.673,696067.990
380,1518934690,435,487.722,435,434,433,432,431,430,429,436,437,438,439,440,441,442,875135.398,289105.162,420320.499,613674.279,939954.899,1109889.710,263071.243,333810.048,616769.742,350924.734,371242.618,408465.962,444145.673,696067.990
381,1518934691,436,488.841,435,434,433,432,431,430,429,436,437,438,439,440,441,442,875135.398,289105.162,420320.499,613674.279,939954.899,1109889.710,263071.243,333810.048,624852.645,350924.734,373989.656,408465.962,444145.673,696067.990
382,1518934693,436,488.841,435,434,433,432,431,430,429,436,437,438,439,440,441,442,875692.014,289105.162,420320.499,613674.279,939954.899,1109889.710,263071.243,335379.394,624852.645,350924.734,373989.656,408465.962,444145.673,696067.990
383,1518934694,436,488.841,435,434,433,432,431,430,429,436,437,438,439,440,441,442,868270.467,289105.162,420320.499,609625.591,939954.899,1109889.710,263071.243,335379.394,624852.645,350924.734,373989.656,408465.962,444145.673,696067.990
384,1518934696,436,488.841,435,434,433,432,431,430,429,436,437,438,439,440,441,442,871243.364,289254.714,420320.499,609625.591,939954.899,1109889.710,263071.243,335379.394,624852.645,350924.734,373989.656,408465.962,436216.976,696067.990
385,1518934697,436,124.905,435,434,433,432,431,430,429,436,437,438,439,440,441,442,864794.856,289254.714,420320.499,609625.591,939954.899,1109889.710,263071.243,317344.244,583868.690,350924.734,373989.656,408465.962,436216.976,696067.990
386,1518934699,436,2293.578,435,434,433,432,431,430,429,436,437,438,439,440,441,442,1045814.586,289254.714,408204.016,609625.591,939954.899,1108610.640,263071.243,312787.022,583868.690,350924.734,373989.656,408465.962,436216.976,696067.990
387,1518934701,436,489.059,435,434,433,432,431,430,429,436,437,438,439,440,441,442,1044708.434,276248.019,408204.016,611320.353,939954.899,1108610.640,263071.243,305165.339,551211.262,350924.734,373989.656,408465.962,436216.976,696067.990
388,1518934702,436,488.841,435,434,433,432,431,430,429,436,437,438,439,440,441,442,1042740.243,276980.818,408204.016,594517.776,939954.899,1112678.160,263071.243,304676.498,551211.262,350924.734,373989.656,408465.962,436216.976,696067.990
389,1518934703,436,488.841,435,434,433,432,431,430,429,436,437,438,439,440,441,442,1042740.243,282875.373,407904.016,594517.776,939954.899,1112678.160,263071.243,304187.657,551211.262,350924.734,373989.656,408465.962,436216.976,696067.990
390,1518934706,436,488.841,435,434,433,432,431,430,429,436,437,438,439,440,441,442,1042740.243,282875.373,407904.016,594517.776,939954.899,1112678.160,263071.243,317689.349,551211.262,350924.734,373989.656,408465.962,436216.976,696067.990
391,1518934707,436,488.841,435,434,433,432,431,430,429,436,437,438,439,440,441,442,1042740.243,287060.181,407904.016,594517.776,939954.899,1112678.160,263071.243,317689.349,560750.454,350924.734,373989.656,408465.962,436216.976,696067.990
392,1518934708,436,488.841,435,434,433,432,431,430,429,436,437,438,439,440,441,442,1046335.110,285993.504,407904.016,594517.776,939954.899,1112678.160,263071.243,317200.508,560750.454,350924.734,373989.656,408465.962,436216.976,696067.990
393,1518934710,436,488.841,435,434,433,432,431,430,429,436,437,438,439,440,441,442,1046708.597,285793.504,407904.016,594517.776,939954.899,1112678.160,263071.243,317200.508,560750.454,350924.734,373989.656,408465.962,436216.976,696067.990
394,1518934712,436,488.841,435,434,433,432,431,430,429,436,437,438,439,440,441,442,1046852.500,285793.504,407904.016,594517.776,939954.899,1112678.160,263071.243,316645.169,560750.454,350924.734,373989.656,408465.962,436216.976,696067.990
395,1518934713,436,488.841,435,434,433,432,431,430,429,436,437,438,439,440,441,442,1047252.500,285793.504,407904.016,594517.776,934954.899,1112678.160,263071.243,314855.417,560750.454,350924.734,373989.656,408465.962,436216.976,696067.990
396,1518934715,436,315.129,435,434,433,432,431,430,429,436,437,438,439,440,441,442,1050252.500,285793.504,407904.016,594517.776,934954.899,1112678.160,263071.243,314855.417,560750.454,350924.734,373989.656,408465.962,436216.976,696067.990
397,1518934716,436,315.129,435,434,433,432,431,430,429,436,437,438,439,440,441,442,1050093.524,285793.504,407904.016,594517.776,934954.899,1112678.160,263071.243,303432.544,554211.262,350924.734,373989.656,408465.962,436416.976,696067.990
398,1518934717,436,895.165,435,434,433,432,431,430,429,436,437,438,439,440,441,442,1050093.524,285793.504,407904.016,594668.020,934954.899,1112678.160,263071.243,303432.544,554211.262,350924.734,373989.656,408465.962,436416.976,696067.990
399,1518934719,436,305.551,435,434,433,432,431,430,429,436,437,438,439,440,441,442,1050093.524,279749.397,410904.016,594668.020,934954.899,1112678.160,263071.243,293977.252,554211.262,350924.734,373989.656,408465.962,436416.976,696067.990
400,1518934721,436,500.000,435,434,433,432,431,430,429,436,437,438,439,440,441,442,1054893.524,279749.397,411104.016,594668.020,934954.899,1113178.160,263071.243,306342.548,554211.262,350924.734,373989.656,408465.962,436416.976,696067.990
401,1518934722,436,500.000,435,434,433,432,431,430,429,436,437,438,439,440,441,442,1055756.608,279749.397,411104.016,594668.020,934954.899,1113178.160,263071.243,305842.548,554211.262,350924.734,373989.656,408465.962,436416.976,696067.990
402,1518934724,436,500.000,435,434,433,432,431,430,429,436,437,438,439,440,441,442,1046756.608,279749.397,411104.016,594668.020,934954.899,1113178.160,263071.243,305842.548,554211.262,350924.734,373989.656,408465.962,436416.976,696067.990
403,1518934725,436,500.000,435,434,433,432,431,430,429,436,437,438,439,440,441,442,1046872.148,272310.109,411104.016,594668.020,934954.899,1113178.160,263071.243,308380.760,546128.359,350924.734,373989.656,408465.962,436416.976,696067.990
404,1518934727,436,500.000,435,434,433,432,431,430,429,436,437,438,439,440,441,442,1046872.148,262237.662,411104.016,594668.020,934954.899,1113178.160,263071.243,309641.653,546128.359,350924.734,373989.656,408465.962,436416.976,696067.990
405,1518934729,436,123.703,435,434,433,432,431,430,429,436,437,438,439,440,441,442,1046872.148,262237.662,411104.016,594668.020,934954.899,1113178.160,263071.243,304792.003,548879.929,350924.734,373989.656,408465.962,436416.976,696067.990
406,1518934730,436,123.703,435,434,433,432,431,430,429,436,437,438,439,440,441,442,1049802.299,262237.662,411104.016,594668.020,934954.899,1113178.160,263071.243,304792.003,548879.929,350924.734,373989.656,408465.962,436416.976,696067.990
407,1518934732,436,3000.000,435,434,433,432,431,430,429,436,437,438,439,440,441,442,1049917.299,260332.545,411104.016,594668.020,934954.899,1113178.160,263071.243,335720.876,549623.158,350924.734,373989.656,410893.056,436416.976,696067.990
408,1518934733,436,3000.000,435,434,433,432,431,430,429,436,437,438,439,440,441,442,1049917.299,260332.545,411104.016,594668.020,934954.899,1113178.160,263071.243,331985.448,549200.363,350924.734,373989.656,410893.056,436416.976,696067.990
409,1518934735,436,3000.000,435,434,433,432,431,430,429,436,437,438,439,440,441,442,1049917.299,260332.545,411104.016,594668.020,934954.899,1100648.827,263071.243,332381.564,549200.363,350924.734,373989.656,410893.056,436416.976,696067.990
410,1518934736,436,3000.000,435,434,433,432,431,430,429,436,437,438,439,440,441,442,1049917.299,260332.545,412104.016,594668.020,934954.899,1100648.827,263071.243,358116.369,549200.363,350924.734,373989.656,410893.056,436416.976,696067.990
411,1518934738,436,3000.000,435,434,433,432,431,430,429,436,437,438,439,440,441,442,1050917.299,260332.545,412104.016,594668.020,934954.899,1100648.827,263071.243,358349.607,549200.363,350924.734,373989.656,410893.056,436416.976,696067.990
412,1518934739,436,3000.000,435,434,433,432,431,430,429,436,437,438,439,440,441,442,1050917.299,260073.458,412104.016,594668.020,934954.899,1100648.827,263071.243,358549.607,549200.363,350924.734,373989.656,410893.056,436416.976,696067.990
413,1518934741,436,3000.000,435,434,433,432,431,430,429,436,437,438,439,440,441,442,1050917.299,260073.458,412104.016,594668.020,934954.899,1100648.827,263071.243,337758.565,549200.363,350924.734,371242.618,410893.056,436416.976,696067.990
414,1518934743,436,117.391,435,434,433,432,431,430,429,436,437,438,439,440,441,442,1031300.481,261073.458,412104.016,594668.020,938954.899,1100648.827,263071.243,348389.949,549200.363,350924.734,371242.618,410893.056,436416.976,696067.990
415,1518934744,436,200.000,435,434,433,432,431,430,429,436,437,438,439,440,441,442,1031300.481,261073.458,412104.016,594668.020,938954.899,1100648.827,263071.243,348122.558,549200.363,350924.734,371242.618,410893.056,436416.976,696067.990
416,1518934745,436,210.860,435,434,433,432,431,430,429,436,437,438,439,440,441,442,1033000.109,261073.458,412104.016,594668.020,938954.899,1100648.827,263071.243,347922.558,563960.949,350924.734,371242.618,410893.056,436416.976,696067.990
417,1518934747,436,747.487,435,434,433,432,431,430,429,436,437,438,439,440,441,442,1033000.109,261073.458,412104.016,604668.020,938954.899,1100648.827,263071.243,322478.545,563960.949,350924.734,371242.618,410893.056,436416.976,696067.990
418,1518934749,436,747.487,435,434,433,432,431,430,429,436,437,438,439,440,441,442,1033000.109,261073.458,412104.016,604668.020,938954.899,1100648.827,263071.243,206934.855,563960.949,350924.734,371242.618,410893.056,436416.976,696067.990
